3056 5126
473 386 751 467 VITA
924 413 1097 471 -vrr

131 551 255 624 Caesar
280 551 345 624 lib.
370 552 397 623 I.
416 571 451 626 et
468 553 530 628 ΙΙΙ.
551 553 598 628 de
617 554 718 628 bello
734 549 845 641 civili3
862 568 906 624 ut
925 551 1096 626 credibile

128 663 193 751 sii,
219 664 427 738 Lucretium
450 679 596 760 poetam
625 667 755 738 horum
777 665 924 738 alicuius
949 663 1095 736 fratrem

126 795 359 870 germanum,
374 791 437 847 aut
449 779 649 872 patruelem
662 775 779 847 fuisse.
792 775 924 869 Neque
939 799 999 845 me
1012 799 1095 846 mo·

126 897 214 974 vet,
233 885 336 977 quod
357 886 481 958 Caesar
496 889 575 958 libr.
589 887 616 958 l.
634 887 680 958 de
697 887 798 958 bello
818 885 934 971 civili,
959 883 1094 956 Lucre·
1191 931 1198 944 ·

82 1021 85 1028 ¹
126 993 221 1065 tium
235 996 338 1068 illum
354 996 562 1070 Senatorem
584 996 759 1090 appellat:
784 992 860 1064 fieri
873 992 970 1063 enim
990 1008 1094 1086 pote·
1202 1053 1206 1060 .

125 1123 204 1192 rat,
229 1121 271 1174 ut
297 1132 343 1178 ex
371 1107 497 1178 eadem
514 1104 653 1188 familia
677 1105 764 1178 alius
785 1117 873 1174 esset
898 1102 1091 1195 equestris,

125 1211 314 1284 autetiam
336 1213 470 1307 plebeii
495 1214 650 1301 ordinis,
665 1215 753 1284 alius
777 1209 954 1284 senatorii.

177 1321 295 1425 Quod
318 1325 345 1393 si
372 1325 430 1395 cui
453 1327 588 1396 mirum
608 1326 793 1411 videatur,
814 1323 1017 1396 consideret
1038 1321 1089 1394 M.
1171 1364 1174 1382 ·

125 1428 289 1503 Tullium
305 1433 533 1522 Ciceronem,
550 1453 586 1506 et
600 1437 646 1540 Q.
662 1436 829 1508 Tullium
840 1434 917 1506 eius
926 1431 1091 1522 fratrem,

124 1543 279 1632 equestri
293 1545 375 1614 loco
388 1568 458 1615 esse
473 1563 583 1616 natos.
598 1545 710 1644 Finge
723 1546 850 1644 igitur,
865 1567 912 1615 ex
928 1543 981 1614 bis
997 1543 1093 1614 duo·

123 1649 192 1722 bus
204 1650 369 1724 fratribus
386 1655 537 1726 alterurn
559 1681 595 1728 se
609 1655 655 1728 ad
674 1655 827 1726 honores
840 1653 1034 1749 petendos,
1054 1669 1092 1725 et

119 1762 382 1855 rempublicam
399 1767 593 1862 gerendam
607 1766 818 1852 contulisse;
840 1767 992 1838 alterurn
1007 1767 1090 1836 luce

119 1873 288 1964 populari
300 1899 437 1961 carere,
452 1901 558 1945 suum
571 1876 760 1971 negotium
775 1897 895 1970 agere,
914 1874 1006 1943 intra
1019 1875 1093 1965 pel·

23 1978 25 1982 ’
119 1982 266 2052 liculam
280 2008 316 2052 se
329 1983 515 2054 continere
528 1984 703 2071 voluisse,
720 1983 844 2079 (quod
857 1998 978 2052 tamen
994 2001 1092 2051 secut

120 2085 257 2157 factum
271 2107 321 2160 est
329 2088 367 2188 3)
380 2091 442 2162 sed
455 2093 549 2190 finge
565 2093 614 2163 ita
625 2094 800 2177 evenisse,
819 2094 949 2185 procul
974 2089 1091 2160 dubio

120 2193 170 2283 is,
195 2198 260 2289 qui
284 2200 503 2273 aedilitatem
531 2201 975 2294 maiorem‚,praeturam‚
1003 2216 1091 2267 con·

119 2309 274 2380 sulatum
294 2312 447 2406 adeptus
468 2331 575 2402 esset,
594 2329 636 2384 ut
655 2313 815 2402 Marcus,
834 2311 1009 2404 Senatorii
1029 2334 1090 2380 or·

121 2419 214 2490 dinis
231 2419 343 2494 factus
369 2437 474 2493 essetz
503 2422 563 2494 ille
586 2422 695 2510 alter,
718 2423 782 2514 qui
807 2425 952 2494 nullum
976 2420 1091 2518 magi·

118 2548 267 2604 stratum
292 2530 472 2628 gessisset,
500 2530 541 2613 in
564 2531 720 2624 equestri
745 2531 872 2604 ordine
899 2531 1091 2602 mansisset.

118 2642 200 2712 Hoc
214 2643 311 2714 idem
327 2643 374 2714 de
388 2659 511 2714 nostro
524 2642 612 2714 Tito
626 2642 742 2716 dicere
753 2644 857 2731 licet,
873 2667 959 2714 eum
974 2667 1090 2735 eque·

118 2753 184 2821 stri
202 2753 329 2824 ordine
354 2768 571 2824 contentum
592 2751 717 2842 fuisse,
737 2775 823 2826 cum
844 2754 919 2824 eius
938 2751 1092 2848 propin·

118 2864 211 2954 qui,
223 2865 330 2956 quod
346 2889 382 2934 se
397 2866 443 2934 ad
462 2863 727 2956 rempublicam
742 2863 1085 2952 administrandam,

119 2987 155 3042 et
167 2973 213 3041 ad
227 2975 447 3069 magistratus
470 2972 645 3068 gerendos
658 2976 909 3060 contulerant,
936 2973 1089 3044 Senato-

117 3107 170 3152 res
188 3081 270 3153 facti
293 3096 418 3152 essent.
441 3083 529 3187 Quo
552 3080 670 3172 posito
690 3096 726 3149 et
750 3103 944 3166 concesso,
966 3081 1091 3149 licebit

118 3217 202 3263 eum
224 3191 352 3263 referre
374 3191 413 3260 in
443 3189 614 3262 familiam
637 3207 700 3260 aut
725 3188 1002 3282 Vespillonum,
1026 3203 1089 3259 aut

118 3301 396 3389 Ofellarum„ut
410 3316 548 3394 praeter
557 3320 777 3392 praenomen
791 3298 887 3386 Titi,
903 3314 939 3369 et
949 3321 1087 3370 nornen

116 3411 296 3498 Lucretii,
319 3428 355 3480 et
370 3429 576 3507 cognomen
596 3406 699 3494 Cari,
726 3407 784 3476 vel
809 3406 857 3476 sic
883 3410 1088 3501 appelletur
1194 3427 1199 3434 '

115 3519 158 3590 Τ.
180 3521 366 3593 Lucretius
391 3519 549 3616 Vespillo
567 3517 692 3602 Carum
718 3519 777 3588 vel
800 3518 866 3606 sic,
889 3517 933 3588 T.
953 3520 1088 3590 Lucre·

117 3630 187 3701 tius
210 3632 335 3703 Ofella
358 3633 475 3704 Carus.
501 3631 557 3703 De
584 3630 731 3701 duobus
759 3632 1008 3728 cognomentis
1026 3623 1088 3702 iu·

119 3753 194 3810 tem
223 3742 380 3814 dubitari
410 3764 487 3814 non
516 3740 636 3812 debet.
669 3741 820 3812 Nullum
848 3743 947 3814 enim
975 3743 1086 3814 dubi·

118 3847 219 3918 tandi
245 3854 367 3925 locum
399 3852 612 3948 relinquunt
637 3851 673 3923 P.
702 3851 880 3924 Lentulus
911 3851 1021 3944 Sura,
1044 3851 1083 3922 Ρ.
1168 3944 1172 3948 ¹
