3034 5116
320 481 644 612 nouam.
683 556 715 598 v.
743 537 789 602 ιε.
993 541 1032 605 aa

66 664 264 756 Diffugiunt
272 672 376 736 animi
388 663 544 754 teirores3
559 678 690 742 moenia
701 659 820 746 mundi
894 653 909 682 s

67 773 266 854 Disceduut3
284 784 390 839 totum
397 777 498 842 video
509 799 571 864 per
582 761 682 846 inane
693 783 764 870 geri
781 805 849 849 res:

66 887 217 968 Apparet
227 883 349 948 Divom
362 907 505 969 numen,
517 890 674 972 sedesque
688 889 834 971 quietae;

66 995 160 1078 Quas
170 1008 278 1073 neque
291 993 483 1056 concutiunt
494 993 604 1059 ventei
611 1041 621 1078 ,
636 1016 698 1059 nec
711 985 830 1062 nubila
841 995 965 1076 nimbis

67 1098 298 1182 Adspergunt3
312 1115 422 1175 neque
445 1096 501 1158 nix
512 1143 521 1178 ,
531 1099 600 1162 acri
613 1109 764 1164 concreta
777 1098 913 1184 prutina,
1062 1185 1063 1192 ἵ

68 1205 161 1266 Cana
174 1202 294 1266 cadens
305 1199 425 1264 violat:
439 1219 569 1284 semper
582 1201 653 1265 sine
667 1203 811 1269 nubibus
823 1205 936 1270 aethei
974 1213 980 1226 '

67 1309 217 1395 integer,
231 1316 263 1369 et
275 1306 367 1392 large
381 1301 502 1376 diffuso
516 1308 653 1392 lumine,
667 1309 762 1374 ridet.

69 1416 196 1480 Omnia
208 1413 395 1497 suppeditat
403 1433 504 1496 porro
517 1424 633 1478 natura
643 1461 653 1498 ,
663 1436 772 1498 neque
782 1417 855 1482 'ulla

66 1521 136 1582 Res
145 1515 251 1600 animi
264 1535 380 1600 pacem
390 1515 515 1578 delibat
530 1529 675 1633 tempore
692 1519 728 1581 in
744 1522 824 1614 ullp.

67 1627 113 1690 At
126 1632 241 1687 eontra
255 1639 418 1704 nusquam
433 1635 592 1705 apparent
601 1625 779 1688 Acherusia
791 1627 929 1712 templu,

66 1729 138 1792 Nec
150 1728 248 1792 telius
261 1728 385 1806 obstat,
399 1725 482 1808 quin
496 1727 608 1790 omnia
622 1728 859 1812 despiciantur,
912 1793 915 1810 ,

67 1835 138 1900 Sub
147 1830 291 1922 pedibus
303 1849 519 1912 quaeeunque
531 1831 617 1896 inira
627 1853 688 1916 per
697 1832 975 1921 inunogerunton

66 1933 131 1998 His
141 1932 191 1998 ibi
201 1951 257 1996 me
267 1932 367 1996 rebus
380 1934 543 2012 quaedam
558 1933 675 1996 divina
686 1935 839 2018 voluptas

68 2037 232 2123 Percipit,
241 2047 340 2120 atque
351 2037 484 2116 horton
496 2039 586 2118 quod
599 2038 647 2104 sio
661 2051 796 2124 natura,
807 2027 863 2106 tua
877 2041 913 2106 vi

67 2147 155 2209 Tam
169 2145 342 2210 manifesta
355 2153 485 2228 putens,
502 2164 544 2208 ex
559 2146 651 2208 omni
666 2157 758 2230 parte
771 2157 892 2211 retecta
906 2153 964 2213 est.
993 2153 1033 2214 30

110 2251 152 2313 Et
165 2249 325 2332 quoniam
337 2241 455 2330 docui,
465 2256 656 2312 cunctarum
669 2251 805 2313 exordia
816 2259 930 2316 rerunt
1022 2233 1025 2240 ⁴

70 2355 194 2441 Qualia
208 2353 291 2436 nint,
305 2363 337 2417 et
349 2351 577 2434 quam,va1·iio
591 2352 745 2445 distantia
756 2355 892 2441 formis,

67 2463 195 2546 Sponte
207 2479 266 2523 sua
274 2457 432 2539 volitent,
443 2467 576 2520 aeterno
589 2459 714 2542 percita
729 2471 821 2524 motu
834 2483 844 2542 3

69 2573 214 2656 Quoque
228 2569 328 2631 modo
336 2564 462 2650 possint
474 2585 525 2629 res
539 2585 581 2628 ex
590 2565 642 2628 hio
652 2585 802 2648 quaeque
815 2567 941 2632 crearit

68 2677 178 2740 Hasoe
192 2675 375 2738 secuudum
385 2691 438 2735 reo
451 2670 556 2735 animi
570 2681 687 2736 natura
701 2672 832 2736 videtur
854 2657 856 2662 ’

68 2781 178 2860 Atque
191 2778 323 2842 animae
335 2779 491 2841 claranda
504 2776 586 2841 meis
598 2776 668 2841 iam
679 2778 827 2843 versibus
841 2797 926 2855 esse3

69 2885 115 2946 Et
129 2865 232 2950 metus
245 2884 303 2948 ille
316 2883 405 2946 foras
415 2903 572 2966 praeceps
582 2883 777 2946 Acheruntis
788 2886 957 2964 agundae,

69 2986 234 3050 Funditus
243 2988 422 3050 humanam
436 2984 495 3066 qui
505 2985 609 3049 vitam
625 2985 735 3048 turbat
747 2989 790 3050 ab
806 2986 887 3065 imo,

68 3094 200 3164 Omnia
214 3091 396 3159 suffuscans
404 3092 519 3156 mortis
532 3092 682 3180 nigmre3
699 3111 807 3174 neque
820 3093 925 3154 ullam

63 3200 150 3262 Esse
159 3196 364 3280 voluptatem
377 3195 540 3276 liquidam
548 3213 733 3277 puramque
745 3191 914 3274 relinquit.

112 3303 214 3384 Nam,
227 3301 318 3384 quod
332 3317 431 3383 saepe
443 3298 595 3386 homineq
609 3299 744 3362 morbos
757 3298 862 3384 magis
875 3315 944 3362 etse
1020 3345 1021 3350 η

701 3401 864 3467 timendos

58 3514 304 3594 Infamemque
315 3508 552 3592 ieruntvitam',
562 3527 663 3591 quam
670 3509 807 3571 Tartara
821 3507 893 3588 leti;

57 3621 111 3681 Et
125 3635 163 3682 se
177 3613 261 3678 seire
275 3612 405 3676 animae
421 3609 591 3692 naturam,
604 3610 774 3697 sanguinis
789 3631 874 3694 esse,

55 3725 140 3787 Aut
153 3717 254 3782 etiam
263 3716 371 3798 uenti,
385 3716 413 3781 si
426 3717 488 3793 fert
499 3716 546 3778 ita
560 3715 642 3778 sorte
653 3717 823 3797 voluntas,
930 3752 935 3760 ι

54 3833 143 3894 Nec
154 3844 308 3909 prorsum
327 3823 509 3904 quidquam
527 3833 658 3886 nostrae
669 3820 805 3886 rationis
818 3835 932 3912 egeret

50 3934 166 4002 Hine
174 3931 251 3996 lioe't
260 3931 411 4002 adportas
420 3929 572 3994 ‘animum
579 3971 590 4013 ,
602 3927 707 4016 magis
720 3927 833 3992 omnia
847 3926 954 4004 laudis
