3056 5126
393 419 453 474 x11
625 397 671 467 T.
720 377 1117 474 LU'CRETII

393 559 546 633 minime
558 573 725 653 corrupta
738 575 775 630 et
791 557 964 630 mendosa
978 555 1134 643 babens,
1154 552 1240 628 haec
1258 555 1370 650 scrip·

393 668 477 740 serit
499 669 647 738 tamen?
668 666 782 760 Atqui
800 667 890 736 nihil
909 665 1013 736 est-in
1034 665 1200 740 Lucretio
1219 689 1371 762 magno-

393 805 480 874 pere
504 782 646 852 difficile
666 779 806 852 homini
826 777 1060 851 tolerabiliter
1079 777 1245 863 erudito,
1267 790 1304 846 et
1325 776 1367 847 in

396 889 581 985 disciplina
592 889 734 984 Epicuri
748 914 825 960 non
845 889 997 960 omnino
1012 888 1164 982 hospiti:
1183 889 1269 981 quia
1284 890 1368 982 ple·

373 1082 376 1090 ,
395 1021 507 1092 saque
521 998 558 1068 in
579 1023 624 1070 eo
637 1013 738 1084 sunt,
757 1006 850 1091 q'uae
861 1019 939 1068 non
952 997 1063 1068 debet
1076 999 1235 1096 ignorare
1250 997 1368 1068 homo

358 1101 364 1114 ⁸
395 1109 547 1179 honesto
570 1111 652 1180 loco
678 1124 803 1196 natus,
828 1124 865 1178 et
885 1106 1076 1182 liberaliter
1109 1107 1304 1193 educatus,
1329 1122 1370 1179 et

394 1215 501 1288 bonis
514 1215 647 1287 artibus
669 1214 845 1300 eruditus,
868 1213 1007 1286 nedum
1021 1216 1067 1301 is,
1091 1214 1156 1307 qui
1172 1233 1224 1306 est
1247 1233 1369 1302 orator

395 1326 594 1420 aliquando
606 1327 770 1415 futurus,
789 1343 825 1398 et
836 1325 935 1420 apud
954 1327 1161 1421 pontifices,
1183 1327 1282 1421 apud
1297 1328 1371 1397 irn-

395 1454 597 1532 peratores,
618 1439 715 1533 apud
736 1463 852 1537 reges,
870 1437 970 1532 apud
990 1439 1147 1531 populos
1174 1439 1371 1532 opulentos

396 1571 437 1618 ac
451 1563 615 1641 potentes
637 1551 771 1647 magnis
791 1549 840 1622 de‘
853 1551 959 1621 rebus
984 1549 1093 1621 verba
1110 1548 1277 1621 facturus.

448 1659 528 1730 Tali
544 1659 650 1756 igitur
664 1658 808 1756 ingenio
822 1660 1005 1754 praeditus
1018 1676 1128 1751 atque
1140 1675 1302 1746 ornatus,
1315 1671 1372 1730 ta-

353 1841 358 1859 ,
396 1765 567 1862 libusque
593 1769 807 1840 adiumentis
826 1770 955 1863 partim
979 1793 999 1839 a
1019 1788 1165 1855 natura,
1196 1767 1324 1862 partim
1348 1793 1372 1839 a

397 1879 519 1952 studio
533 1899 570 1950 et
581 1878 742 1950 doctrina
752 1879 942 1951 instructus
955 1877 1141 1955 Lucretius
1152 1901 1223 1948 sese
1234 1876 1279 1946 ad
1292 1876 1373 1949 scri·

397 1989 566 2063 bendum
578 1989 624 2060 de
637 2006 761 2061 natura
773 2013 893 2060 terum
909 1988 1087 2076 contulit,
1101 1989 1278 2061 scribendi
1290 1988 1373 2082 qui·

399 2100 484 2170 dem
500 2123 610 2196 genus
625 2112 660 2170 et
675 2099 801 2194 figuras
816 2115 852 2168 et
868 2099 1220 2197 grarrdiloquentisr'n
1239 2099 1372 2191 Empe-

400 2207 511 2276 doclis
522 2224 680 2291 secutus3
704 2207 887 2276 materiam
901 2232 1009 2293 vero,
1027 2223 1064 2279 et
1076 2232 1128 2278 res
1140 2207 1186 2278 ab
1197 2207 1373 2300 Epicuro,

402 2317 502 2398 cuius
517 2317 741 2408 disciplinam
753 2332 790 2386 et
802 2316 942 2388 decreta
956 2318 1156 2408 adamaret,
1175 2333 1370 2388 mutuatus.

452 2427 540 2532 Quo
554 2425 677 2496 mortis
690 2449 816 2521 genere
828 2426 1021 2498 exstinctus
1037 2426 1082 2497 sit
1091 2427 1292 2515 Lucretius,
1303 2427 1373 2498 dif-

401 2537 494 2610 ficile
511 2533 611 2606 dictu
629 2551 699 2618 est;
730 2558 851 2626 neque
869 2536 986 2606 multo
1004 2534 1138 2606 facilius
1161 2554 1212 2608 est
1232 2537 1372 2616 dicere,

403 2665 520 2742 quoto
540 2670 621 2716 suae
642 2645 761 2716 aetatis
775 2667 873 2716 anno
892 2669 912 2714 e
934 2645 1005 2716 vita
1029 2645 1225 2718 discesserit.
1259 2648 1372 2720 Pleri-

401 2783 478 2852 que
491 2773 679 2828 mortuum
692 2779 762 2826 esse
780 2755 900 2827 ferunt
916 2779 1013 2826 anno
1030 2759 1149 2828 aetatis
1169 2777 1279 2830 xum.
1303 2757 1371 2830 Cn.

402 2868 579 2960 Pompeio
594 2865 728 2964 Magno
753 2866 813 2936 111.
844 2867 998 2941 Caecilio
1021 2869 1172 2956 Metello
1188 2874 1253 2948 Pio
1275 2879 1371 2952 Coss.

402 3004 461 3051 an.
481 2980 526 3051 ab
552 2980 595 3052 U.
608 2981 648 3052 C.
668 3000 771 3054 nect.
793 2982 926 3054 eodem
952 2981 1011 3054 die
1028 3010 1105 3078 quo
1120 2986 1156 3058 P.
1178 2988 1371 3087 Virgilium

404 3090 595 3162 Maronem
608 3109 735 3164 natum
749 3117 820 3164 esse
838 3096 1007 3165 nonnulli
1020 3097 1193 3191 scriptum
1214 3100 1374 3192 relique·

332 3249 333 3252 =
404 3219 503 3273 runt.
531 3203 671 3274 Nolunt
688 3222 832 3292 autem,
854 3227 939 3276 eum
959 3221 1021 3277 aut
1043 3229 1105 3278 sua
1125 3228 1253 3302 sponte
1273 3235 1373 3284 mor-

331 3393 335 3400 ,
403 3329 480 3383 tem
503 3312 647 3400 obiisse,
671 3329 734 3384 aut
753 3314 900 3384 alicuius
913 3317 1032 3386 morbi
1045 3316 1104 3405 vi,
1131 3335 1174 3389 ut
1197 3321 1257 3407 lit,
1281 3345 1373 3393 con·

406 3435 569 3514 sumtum
588 3445 684 3508 esse,
708 3421 788 3509 sed,
810 3437 853 3492 ut
876 3421 949 3494 eius
972 3423 1115 3498 obitum
1137 3421 1374 3533 τραγικώτερον

405 3531 552 3620 faciant,
576 3533 739 3623 scribunt
758 3557 843 3606 eum
858 3534 925 3605 sibi
947 3536 1064 3630 ipsum
1084 3563 1213 3612 manus
1230 3543 1370 3613 attulis-

360 3645 364 3652 ‘
405 3668 451 3714 se.
483 3643 696 3716 Aliistaedio
713 3645 829 3734 vitae,
849 3647 952 3739 quod
971 3651 1119 3742 patr'nm
1135 3675 1234 3724 suam
1254 3654 1373 3724 ambi-

405 3752 508 3852 tione
519 3805 529 3842 ,
547 3755 708 3842 avaritia,
735 3747 904 3844 luxuria}
919 3758 1111 3850 discordia,
1138 3779 1174 3834 et
1197 3763 1373 3834 similibus

405 3864 609 3956 civitatum,
639 3891 732 3961 quae
761 3867 825 3940 diu
852 3867 1076 3962 floruerunt,
1095 3887 1138 3970 et
1161 3873 1233 3958 iam
1264 3896 1369 3956 seneq
