<?xml version="1.0" encoding="UTF-8"?>
<!DOCTYPE html PUBLIC "-//W3C//DTD XHTML 1.0 Transitional//EN"
    "http://www.w3.org/TR/xhtml1/DTD/xhtml1-transitional.dtd">
<html xmlns="http://www.w3.org/1999/xhtml" xml:lang="en" lang="en">
 <head>
  <title>
</title>
<meta http-equiv="Content-Type" content="text/html;charset=utf-8" />
  <meta name='ocr-system' content='tesseract 3.04.00' />
  <meta name='ocr-capabilities' content='ocr_page ocr_carea ocr_par ocr_line ocrx_word'/>
</head>
<body>
  <div class='ocr_page' id='page_1' title='image "./dererumnaturali10carugoog_0287.png"; bbox 0 0 3134 5112; ppageno 0'>
   <div class='ocr_carea' id='block_1_1' title="bbox 1336 85 1366 120">
    <p class='ocr_par' dir='ltr' id='par_1_1' title="bbox 1336 85 1366 120">
     <span class='ocr_line' id='line_1_1' title="bbox 1336 85 1366 120; baseline 0 0"><span class='ocrx_word' id='word_1_1' title='bbox 1336 85 1366 120; x_wconf 75' lang='lat' dir='ltr'><em>s</em></span> 
     </span>
    </p>
   </div>
   <div class='ocr_carea' id='block_1_2' title="bbox 430 335 1347 418">
    <p class='ocr_par' dir='ltr' id='par_1_2' title="bbox 430 335 1347 418">
     <span class='ocr_line' id='line_1_2' title="bbox 430 335 1347 418; baseline 0 -18"><span class='ocrx_word' id='word_1_2' title='bbox 430 339 487 404; x_wconf 65' lang='lat' dir='ltr'><strong>aaa</strong></span> <span class='ocrx_word' id='word_1_3' title='bbox 619 337 685 398; x_wconf 80' lang='lat' dir='ltr'><strong>nu</strong></span> <span class='ocrx_word' id='word_1_4' title='bbox 710 336 900 398; x_wconf 76' lang='lat' dir='ltr'><strong>aunum</strong></span> <span class='ocrx_word' id='word_1_5' title='bbox 927 335 1144 398; x_wconf 73' lang='lat' dir='ltr'><strong>narona</strong></span> <span class='ocrx_word' id='word_1_6' title='bbox 1220 357 1253 399; x_wconf 76' lang='lat' dir='ltr'><strong>v.</strong></span> <span class='ocrx_word' id='word_1_7' title='bbox 1277 355 1347 418; x_wconf 79' lang='lat'><strong>797.</strong></span> 
     </span>
    </p>
   </div>
   <div class='ocr_carea' id='block_1_3' title="bbox 347 479 1385 3518">
    <p class='ocr_par' dir='ltr' id='par_1_3' title="bbox 347 479 1295 582">
     <span class='ocr_line' id='line_1_3' title="bbox 347 479 1295 582; baseline -0.004 -36"><span class='ocrx_word' id='word_1_8' title='bbox 347 557 357 582; x_wconf 30' lang='grc' dir='ltr'>ἱ</span> <span class='ocrx_word' id='word_1_9' title='bbox 426 483 590 564; x_wconf 85' lang='lat' dir='ltr'><strong>Tempore</strong></span> <span class='ocrx_word' id='word_1_10' title='bbox 601 500 641 542; x_wconf 89' lang='lat' dir='ltr'><strong>eo</strong></span> <span class='ocrx_word' id='word_1_11' title='bbox 657 479 685 543; x_wconf 90' lang='lat' dir='ltr'><strong>si</strong></span> <span class='ocrx_word' id='word_1_12' title='bbox 701 481 838 542; x_wconf 88' lang='lat' dir='ltr'><strong>odorata</strong></span> <span class='ocrx_word' id='word_1_13' title='bbox 850 488 910 560; x_wconf 89' lang='lat' dir='ltr'><strong>est,</strong></span> <span class='ocrx_word' id='word_1_14' title='bbox 924 498 990 559; x_wconf 89' lang='lat' dir='ltr'><strong>quo</strong></span> <span class='ocrx_word' id='word_1_15' title='bbox 1003 479 1295 543; x_wconf 84' lang='lat' dir='ltr'><strong>menstrua-solvit.</strong></span> 
     </span>
    </p>

    <p class='ocr_par' dir='ltr' id='par_1_4' title="bbox 426 587 1370 778">
     <span class='ocr_line' id='line_1_4' title="bbox 466 587 1370 673; baseline 0.002 -21"><span class='ocrx_word' id='word_1_16' title='bbox 466 591 637 670; x_wconf 80' lang='lat' dir='ltr'><strong>Multaque</strong></span> <span class='ocrx_word' id='word_1_17' title='bbox 650 597 818 672; x_wconf 86' lang='lat' dir='ltr'><strong>praeterea</strong></span> <span class='ocrx_word' id='word_1_18' title='bbox 831 587 1023 673; x_wconf 73' lang='lat' dir='ltr'><strong>languentia</strong></span> <span class='ocrx_word' id='word_1_19' title='bbox 1034 591 1183 652; x_wconf 87' lang='lat' dir='ltr'><strong>membra</strong></span> <span class='ocrx_word' id='word_1_20' title='bbox 1197 610 1258 671; x_wconf 89' lang='lat' dir='ltr'><strong>per</strong></span> <span class='ocrx_word' id='word_1_21' title='bbox 1275 597 1370 655; x_wconf 79' lang='lat' dir='ltr'><strong>artus</strong></span> 
     </span>
     <span class='ocr_line' id='line_1_5' title="bbox 426 695 1321 778; baseline -0.001 -16"><span class='ocrx_word' id='word_1_22' title='bbox 426 699 580 778; x_wconf 78' lang='lat' dir='ltr'><strong>Solvunt,</strong></span> <span class='ocrx_word' id='word_1_23' title='bbox 592 707 690 778; x_wconf 87' lang='lat' dir='ltr'><strong>atque</strong></span> <span class='ocrx_word' id='word_1_24' title='bbox 704 695 850 760; x_wconf 89' lang='lat' dir='ltr'><strong>animam</strong></span> <span class='ocrx_word' id='word_1_25' title='bbox 866 697 1065 760; x_wconf 85' lang='lat' dir='ltr'><strong>labefactant</strong></span> <span class='ocrx_word' id='word_1_26' title='bbox 1075 697 1205 762; x_wconf 85' lang='lat' dir='ltr'><strong>sedibus</strong></span> <span class='ocrx_word' id='word_1_27' title='bbox 1216 698 1321 764; x_wconf 81' lang='lat' dir='ltr'><strong>intus.</strong></span> 
     </span>
    </p>

    <p class='ocr_par' dir='ltr' id='par_1_5' title="bbox 424 801 1229 990">
     <span class='ocr_line' id='line_1_6' title="bbox 464 801 1229 885; baseline 0.004 -19"><span class='ocrx_word' id='word_1_28' title='bbox 464 802 635 885; x_wconf 85' lang='lat' dir='ltr'><strong>Denique,</strong></span> <span class='ocrx_word' id='word_1_29' title='bbox 650 802 679 866; x_wconf 88' lang='lat' dir='ltr'><strong>si</strong></span> <span class='ocrx_word' id='word_1_30' title='bbox 689 801 804 866; x_wconf 82' lang='lat' dir='ltr'><strong>calidis</strong></span> <span class='ocrx_word' id='word_1_31' title='bbox 816 802 915 866; x_wconf 87' lang='lat' dir='ltr'><strong>etiam</strong></span> <span class='ocrx_word' id='word_1_32' title='bbox 927 814 1078 870; x_wconf 81' lang='lat' dir='ltr'>cunctere</span> <span class='ocrx_word' id='word_1_33' title='bbox 1089 805 1229 869; x_wconf 75' lang='lat' dir='ltr'>lavacris</span> 
     </span>
     <span class='ocr_line' id='line_1_7' title="bbox 424 906 1141 990; baseline -0.003 -18"><span class='ocrx_word' id='word_1_34' title='bbox 424 909 574 990; x_wconf 88' lang='lat' dir='ltr'>Plenior,</span> <span class='ocrx_word' id='word_1_35' title='bbox 588 919 620 971; x_wconf 87' lang='lat' dir='ltr'><strong>et</strong></span> <span class='ocrx_word' id='word_1_36' title='bbox 632 908 743 972; x_wconf 87' lang='lat' dir='ltr'><strong>flueris</strong></span> <span class='ocrx_word' id='word_1_37' title='bbox 755 906 839 971; x_wconf 85' lang='lat' dir='ltr'><strong>solio</strong></span> <span class='ocrx_word' id='word_1_38' title='bbox 853 908 1009 972; x_wconf 85' lang='lat' dir='ltr'><strong>ferventis</strong></span> <span class='ocrx_word' id='word_1_39' title='bbox 1019 911 1119 989; x_wconf 83' lang='lat' dir='ltr'><strong>aquai</strong></span> <span class='ocrx_word' id='word_1_40' title='bbox 1131 955 1141 990; x_wconf 90' lang='lat'>,</span> 
     </span>
    </p>

    <p class='ocr_par' dir='ltr' id='par_1_6' title="bbox 423 1005 1350 1624">
     <span class='ocr_line' id='line_1_8' title="bbox 424 1005 1255 1096; baseline 0 -24"><span class='ocrx_word' id='word_1_41' title='bbox 424 1008 534 1096; x_wconf 76' lang='lat' dir='ltr'><strong>Quam</strong></span> <span class='ocrx_word' id='word_1_42' title='bbox 544 1010 640 1074; x_wconf 87' lang='lat' dir='ltr'><strong>facile</strong></span> <span class='ocrx_word' id='word_1_43' title='bbox 651 1010 687 1074; x_wconf 92' lang='lat' dir='ltr'><strong>in</strong></span> <span class='ocrx_word' id='word_1_44' title='bbox 704 1005 814 1074; x_wconf 88' lang='lat' dir='ltr'><strong>medio</strong></span> <span class='ocrx_word' id='word_1_45' title='bbox 824 1009 862 1074; x_wconf 82' lang='lat' dir='ltr'><strong>fit</strong></span> <span class='ocrx_word' id='word_1_46' title='bbox 872 1011 921 1072; x_wconf 89' lang='lat' dir='ltr'><strong>uti</strong></span> <span class='ocrx_word' id='word_1_47' title='bbox 930 1012 992 1074; x_wconf 87' lang='lat' dir='ltr'><strong>des</strong></span> <span class='ocrx_word' id='word_1_48' title='bbox 1002 1030 1100 1093; x_wconf 80' lang='lat' dir='ltr'>saepe</span> <span class='ocrx_word' id='word_1_49' title='bbox 1117 1009 1255 1074; x_wconf 75' lang='lat' dir='ltr'><strong>ruinas?</strong></span> 
     </span>
     <span class='ocr_line' id='line_1_9' title="bbox 465 1115 1330 1202; baseline 0.002 -24"><span class='ocrx_word' id='word_1_50' title='bbox 465 1117 720 1196; x_wconf 77' lang='lat' dir='ltr'><strong>carbonumque</strong></span> <span class='ocrx_word' id='word_1_51' title='bbox 733 1115 843 1202; x_wconf 82' lang='lat' dir='ltr'><strong>gravis</strong></span> <span class='ocrx_word' id='word_1_52' title='bbox 857 1115 907 1178; x_wconf 81' lang='lat' dir='ltr'><strong>vis</strong></span> <span class='ocrx_word' id='word_1_53' title='bbox 923 1125 1020 1196; x_wconf 81' lang='lat' dir='ltr'><strong>atque</strong></span> <span class='ocrx_word' id='word_1_54' title='bbox 1037 1117 1120 1178; x_wconf 91' lang='lat' dir='ltr'><strong>odor</strong></span> <span class='ocrx_word' id='word_1_55' title='bbox 1134 1115 1330 1180; x_wconf 76' lang='lat' dir='ltr'><strong>insinuatur-r</strong></span> 
     </span>
     <span class='ocr_line' id='line_1_10' title="bbox 424 1219 1288 1308; baseline -0.001 -23"><span class='ocrx_word' id='word_1_56' title='bbox 424 1225 534 1308; x_wconf 76' lang='lat' dir='ltr'><strong>Quam</strong></span> <span class='ocrx_word' id='word_1_57' title='bbox 550 1219 648 1284; x_wconf 83' lang='lat' dir='ltr'><strong>facile</strong></span> <span class='ocrx_word' id='word_1_58' title='bbox 661 1220 698 1284; x_wconf 89' lang='lat' dir='ltr'><strong>in</strong></span> <span class='ocrx_word' id='word_1_59' title='bbox 708 1223 896 1304; x_wconf 89' lang='lat' dir='ltr'><strong>cerebrum,</strong></span> <span class='ocrx_word' id='word_1_60' title='bbox 907 1219 972 1283; x_wconf 88' lang='lat' dir='ltr'><strong>nisi</strong></span> <span class='ocrx_word' id='word_1_61' title='bbox 983 1241 1102 1302; x_wconf 86' lang='lat' dir='ltr'><strong>aquam</strong></span> <span class='ocrx_word' id='word_1_62' title='bbox 1114 1220 1288 1304; x_wconf 85' lang='lat' dir='ltr'><strong>praecepi·</strong></span> 
     </span>
     <span class='ocr_line' id='line_1_11' title="bbox 1031 1329 1211 1390; baseline 0.011 -2"><span class='ocrx_word' id='word_1_63' title='bbox 1031 1329 1211 1390; x_wconf 87' lang='lat' dir='ltr'><strong>musantel</strong></span> 
     </span>
     <span class='ocr_line' id='line_1_12' title="bbox 423 1411 1350 1514; baseline 0.001 -19"><span class='ocrx_word' id='word_1_64' title='bbox 423 1433 482 1514; x_wconf 84' lang='lat' dir='ltr'><strong>At,</strong></span> <span class='ocrx_word' id='word_1_65' title='bbox 498 1451 599 1513; x_wconf 87' lang='lat' dir='ltr'><strong>quom</strong></span> <span class='ocrx_word' id='word_1_66' title='bbox 617 1433 766 1494; x_wconf 86' lang='lat' dir='ltr'><strong>membra</strong></span> <span class='ocrx_word' id='word_1_67' title='bbox 781 1411 1059 1514; x_wconf 62' lang='lat' dir='ltr'><strong>domus‘peicepit</strong></span> <span class='ocrx_word' id='word_1_68' title='bbox 1073 1429 1216 1514; x_wconf 86' lang='lat' dir='ltr'><strong>fervida,</strong></span> <span class='ocrx_word' id='word_1_69' title='bbox 1234 1430 1350 1496; x_wconf 84' lang='lat' dir='ltr'><strong>nervis</strong></span> 
     </span>
     <span class='ocr_line' id='line_1_13' title="bbox 423 1536 1200 1624; baseline -0.005 -20"><span class='ocrx_word' id='word_1_70' title='bbox 423 1541 510 1604; x_wconf 85' lang='lat' dir='ltr'><strong>Tum</strong></span> <span class='ocrx_word' id='word_1_71' title='bbox 525 1537 563 1602; x_wconf 86' lang='lat' dir='ltr'><strong>fit</strong></span> <span class='ocrx_word' id='word_1_72' title='bbox 578 1541 661 1602; x_wconf 91' lang='lat' dir='ltr'><strong>odor</strong></span> <span class='ocrx_word' id='word_1_73' title='bbox 674 1536 744 1600; x_wconf 85' lang='lat' dir='ltr'><strong>vini</strong></span> <span class='ocrx_word' id='word_1_74' title='bbox 756 1538 873 1624; x_wconf 80' lang='lat' dir='ltr'>plagae</span> <span class='ocrx_word' id='word_1_75' title='bbox 889 1536 1072 1600; x_wconf 87' lang='lat' dir='ltr'><strong>mactabilis</strong></span> <span class='ocrx_word' id='word_1_76' title='bbox 1087 1536 1200 1602; x_wconf 83' lang='lat' dir='ltr'><strong>instar.</strong></span> 
     </span>
    </p>

    <p class='ocr_par' dir='ltr' id='par_1_7' title="bbox 422 1641 1331 2039">
     <span class='ocr_line' id='line_1_14' title="bbox 463 1641 1331 1730; baseline 0 -22"><span class='ocrx_word' id='word_1_77' title='bbox 463 1648 580 1708; x_wconf 86' lang='lat' dir='ltr'><strong>Nonne</strong></span> <span class='ocrx_word' id='word_1_78' title='bbox 595 1644 688 1707; x_wconf 81' lang='lat' dir='ltr'><strong>vides</strong></span> <span class='ocrx_word' id='word_1_79' title='bbox 700 1641 819 1725; x_wconf 84' lang='lat' dir='ltr'><strong>etiam,</strong></span> <span class='ocrx_word' id='word_1_80' title='bbox 836 1653 922 1706; x_wconf 86' lang='lat' dir='ltr'><strong>terra</strong></span> <span class='ocrx_word' id='word_1_81' title='bbox 941 1662 1073 1725; x_wconf 89' lang='lat' dir='ltr'><strong>quoque</strong></span> <span class='ocrx_word' id='word_1_82' title='bbox 1090 1645 1198 1707; x_wconf 83' lang='lat' dir='ltr'><strong>sulfur</strong></span> <span class='ocrx_word' id='word_1_83' title='bbox 1210 1646 1247 1708; x_wconf 91' lang='lat' dir='ltr'><strong>in</strong></span> <span class='ocrx_word' id='word_1_84' title='bbox 1256 1645 1331 1730; x_wconf 80' lang='lat' dir='ltr'><strong>ipsa</strong></span> 
     </span>
     <span class='ocr_line' id='line_1_15' title="bbox 424 1745 1324 1836; baseline 0.004 -26"><span class='ocrx_word' id='word_1_85' title='bbox 424 1745 623 1836; x_wconf 76' lang='lat' dir='ltr'><strong>Gignierlet</strong></span> <span class='ocrx_word' id='word_1_86' title='bbox 636 1757 739 1811; x_wconf 87' lang='lat' dir='ltr'><strong>taetro</strong></span> <span class='ocrx_word' id='word_1_87' title='bbox 750 1767 957 1812; x_wconf 79' lang='lat' dir='ltr'><strong>concrescere</strong></span> <span class='ocrx_word' id='word_1_88' title='bbox 977 1750 1080 1811; x_wconf 90' lang='lat' dir='ltr'><strong>odore</strong></span> <span class='ocrx_word' id='word_1_89' title='bbox 1097 1748 1271 1814; x_wconf 75' lang='lat' dir='ltr'><strong>bitumen?</strong></span> <span class='ocrx_word' id='word_1_90' title='bbox 1318 1811 1324 1823; x_wconf 83' lang='lat'><strong>,</strong></span> 
     </span>
     <span class='ocr_line' id='line_1_16' title="bbox 422 1853 1290 1942; baseline 0.003 -26"><span class='ocrx_word' id='word_1_91' title='bbox 422 1853 589 1936; x_wconf 83' lang='lat' dir='ltr'><strong>Denique,</strong></span> <span class='ocrx_word' id='word_1_92' title='bbox 602 1853 661 1916; x_wconf 88' lang='lat' dir='ltr'><strong>ubi</strong></span> <span class='ocrx_word' id='word_1_93' title='bbox 674 1854 802 1940; x_wconf 84' lang='lat' dir='ltr'><strong>argenti</strong></span> <span class='ocrx_word' id='word_1_94' title='bbox 814 1873 915 1917; x_wconf 88' lang='lat' dir='ltr'><strong>venas</strong></span> <span class='ocrx_word' id='word_1_95' title='bbox 930 1853 1070 1935; x_wconf 88' lang='lat' dir='ltr'><strong>aurique</strong></span> <span class='ocrx_word' id='word_1_96' title='bbox 1083 1864 1290 1942; x_wconf 82' lang='lat' dir='ltr'><strong>sequuntur,</strong></span> 
     </span>
     <span class='ocr_line' id='line_1_17' title="bbox 422 1955 1170 2039; baseline 0.003 -21"><span class='ocrx_word' id='word_1_97' title='bbox 422 1957 538 2018; x_wconf 85' lang='lat' dir='ltr'><strong>Terrai</strong></span> <span class='ocrx_word' id='word_1_98' title='bbox 550 1956 680 2039; x_wconf 90' lang='lat' dir='ltr'><strong>penitus</strong></span> <span class='ocrx_word' id='word_1_99' title='bbox 696 1963 875 2019; x_wconf 77' lang='lat' dir='ltr'><strong>scrutantes</strong></span> <span class='ocrx_word' id='word_1_100' title='bbox 888 1955 999 2038; x_wconf 86' lang='lat' dir='ltr'><strong>abdita</strong></span> <span class='ocrx_word' id='word_1_101' title='bbox 1015 1958 1118 2036; x_wconf 85' lang='lat' dir='ltr'><strong>ferro;</strong></span> <span class='ocrx_word' id='word_1_102' title='bbox 1168 2000 1170 2004; x_wconf 80' lang='lat'><em>.</em></span> 
     </span>
    </p>

    <p class='ocr_par' dir='ltr' id='par_1_8' title="bbox 423 2058 1385 2144">
     <span class='ocr_line' id='line_1_18' title="bbox 423 2058 1385 2144; baseline 0.006 -22"><span class='ocrx_word' id='word_1_103' title='bbox 423 2058 557 2144; x_wconf 78' lang='lat' dir='ltr'><strong>Qualeis</strong></span> <span class='ocrx_word' id='word_1_104' title='bbox 569 2058 695 2143; x_wconf 84' lang='lat' dir='ltr'><strong>expiret</strong></span> <span class='ocrx_word' id='word_1_105' title='bbox 708 2059 913 2141; x_wconf 82' lang='lat' dir='ltr'><strong>scaptensula</strong></span> <span class='ocrx_word' id='word_1_106' title='bbox 922 2062 1033 2122; x_wconf 86' lang='lat' dir='ltr'><strong>subter</strong></span> <span class='ocrx_word' id='word_1_107' title='bbox 1048 2059 1186 2123; x_wconf 83' lang='lat' dir='ltr'><strong>odores?</strong></span> <span class='ocrx_word' id='word_1_108' title='bbox 1201 2083 1204 2092; x_wconf 95' lang='grc'><strong><em>·</em></strong></span> <span class='ocrx_word' id='word_1_109' title='bbox 1323 2065 1385 2128; x_wconf 75' lang='lat' dir='ltr'><strong>an</strong></span> 
     </span>
    </p>

    <p class='ocr_par' dir='ltr' id='par_1_9' title="bbox 422 2163 1351 2562">
     <span class='ocr_line' id='line_1_19' title="bbox 462 2163 1264 2254; baseline 0.006 -26"><span class='ocrx_word' id='word_1_110' title='bbox 462 2165 593 2251; x_wconf 76' lang='lat' dir='ltr'><strong>Quidve</strong></span> <span class='ocrx_word' id='word_1_111' title='bbox 605 2165 684 2228; x_wconf 90' lang='lat' dir='ltr'><strong>mali</strong></span> <span class='ocrx_word' id='word_1_112' title='bbox 700 2163 754 2248; x_wconf 87' lang='lat' dir='ltr'><strong>fit,</strong></span> <span class='ocrx_word' id='word_1_113' title='bbox 770 2167 969 2230; x_wconf 82' lang='lat' dir='ltr'><strong>utexhalent</strong></span> <span class='ocrx_word' id='word_1_114' title='bbox 980 2177 1093 2254; x_wconf 87' lang='lat' dir='ltr'><strong>aurata</strong></span> <span class='ocrx_word' id='word_1_115' title='bbox 1107 2169 1264 2232; x_wconf 76' lang='lat' dir='ltr'><strong>metalla?</strong></span> 
     </span>
     <span class='ocr_line' id='line_1_20' title="bbox 422 2270 1346 2356; baseline 0.004 -23"><span class='ocrx_word' id='word_1_116' title='bbox 422 2273 513 2356; x_wconf 78' lang='lat' dir='ltr'><strong>Quas</strong></span> <span class='ocrx_word' id='word_1_117' title='bbox 521 2270 695 2334; x_wconf 87' lang='lat' dir='ltr'><strong>hominum</strong></span> <span class='ocrx_word' id='word_1_118' title='bbox 707 2272 850 2333; x_wconf 89' lang='lat' dir='ltr'><strong>reddunt</strong></span> <span class='ocrx_word' id='word_1_119' title='bbox 860 2271 977 2335; x_wconf 75' lang='lat' dir='ltr'><strong>facies?</strong></span> <span class='ocrx_word' id='word_1_120' title='bbox 990 2271 1181 2352; x_wconf 79' lang='lat' dir='ltr'><strong>qualeisque</strong></span> <span class='ocrx_word' id='word_1_121' title='bbox 1194 2273 1346 2340; x_wconf 79' lang='lat' dir='ltr'><strong>colores?</strong></span> 
     </span>
     <span class='ocr_line' id='line_1_21' title="bbox 422 2373 1351 2459; baseline 0.004 -24"><span class='ocrx_word' id='word_1_122' title='bbox 422 2377 540 2438; x_wconf 87' lang='lat' dir='ltr'><strong>Nonne</strong></span> <span class='ocrx_word' id='word_1_123' title='bbox 550 2373 656 2456; x_wconf 86' lang='lat' dir='ltr'><strong>vides,</strong></span> <span class='ocrx_word' id='word_1_124' title='bbox 673 2373 826 2455; x_wconf 79' lang='lat' dir='ltr'><strong>audisve,</strong></span> <span class='ocrx_word' id='word_1_125' title='bbox 838 2374 948 2456; x_wconf 89' lang='lat' dir='ltr'><strong>perire</strong></span> <span class='ocrx_word' id='word_1_126' title='bbox 958 2373 995 2436; x_wconf 90' lang='lat' dir='ltr'><strong>in</strong></span> <span class='ocrx_word' id='word_1_127' title='bbox 1007 2387 1153 2455; x_wconf 88' lang='lat' dir='ltr'><strong>tempore</strong></span> <span class='ocrx_word' id='word_1_128' title='bbox 1164 2393 1272 2456; x_wconf 85' lang='lat' dir='ltr'><strong>parvo</strong></span> <span class='ocrx_word' id='word_1_129' title='bbox 1341 2413 1351 2459; x_wconf 57' lang='lat' dir='ltr'><strong>q</strong></span> 
     </span>
     <span class='ocr_line' id='line_1_22' title="bbox 423 2474 1159 2562; baseline -0.003 -24"><span class='ocrx_word' id='word_1_130' title='bbox 423 2481 532 2562; x_wconf 74' lang='lat' dir='ltr'><strong>Quam</strong></span> <span class='ocrx_word' id='word_1_131' title='bbox 542 2478 682 2553; x_wconf 77' lang='lat' dir='ltr'><strong>soleant3</strong></span> <span class='ocrx_word' id='word_1_132' title='bbox 699 2485 731 2540; x_wconf 87' lang='lat' dir='ltr'><strong>et</strong></span> <span class='ocrx_word' id='word_1_133' title='bbox 745 2495 846 2557; x_wconf 85' lang='lat' dir='ltr'><strong>quam</strong></span> <span class='ocrx_word' id='word_1_134' title='bbox 859 2474 940 2538; x_wconf 86' lang='lat' dir='ltr'><strong>vitai</strong></span> <span class='ocrx_word' id='word_1_135' title='bbox 951 2475 1048 2557; x_wconf 88' lang='lat' dir='ltr'><strong>copia</strong></span> <span class='ocrx_word' id='word_1_136' title='bbox 1062 2474 1159 2556; x_wconf 86' lang='lat' dir='ltr'><strong>desit,</strong></span> 
     </span>
    </p>

    <p class='ocr_par' dir='ltr' id='par_1_10' title="bbox 420 2580 1332 2880">
     <span class='ocr_line' id='line_1_23' title="bbox 422 2580 1332 2669; baseline 0 -23"><span class='ocrx_word' id='word_1_137' title='bbox 422 2589 514 2669; x_wconf 79' lang='lat' dir='ltr'><strong>Quos</strong></span> <span class='ocrx_word' id='word_1_138' title='bbox 525 2603 624 2666; x_wconf 89' lang='lat' dir='ltr'><strong>opere</strong></span> <span class='ocrx_word' id='word_1_139' title='bbox 634 2584 670 2645; x_wconf 89' lang='lat' dir='ltr'><strong>in</strong></span> <span class='ocrx_word' id='word_1_140' title='bbox 681 2580 738 2644; x_wconf 82' lang='lat' dir='ltr'><strong>toli</strong></span> <span class='ocrx_word' id='word_1_141' title='bbox 754 2580 886 2644; x_wconf 87' lang='lat' dir='ltr'><strong>cohibet</strong></span> <span class='ocrx_word' id='word_1_142' title='bbox 896 2580 946 2644; x_wconf 88' lang='lat' dir='ltr'><strong>vis</strong></span> <span class='ocrx_word' id='word_1_143' title='bbox 960 2601 1097 2666; x_wconf 84' lang='lat' dir='ltr'><strong>magna,</strong></span> <span class='ocrx_word' id='word_1_144' title='bbox 1111 2601 1242 2644; x_wconf 83' lang='lat' dir='ltr'><strong>necesse</strong></span> <span class='ocrx_word' id='word_1_145' title='bbox 1258 2583 1332 2648; x_wconf 72' lang='lat' dir='ltr'><strong>est?</strong></span> 
     </span>
     <span class='ocr_line' id='line_1_24' title="bbox 421 2677 1171 2776; baseline -0.008 -24"><span class='ocrx_word' id='word_1_146' title='bbox 421 2691 492 2753; x_wconf 85' lang='lat' dir='ltr'><strong>Hos</strong></span> <span class='ocrx_word' id='word_1_147' title='bbox 506 2677 608 2776; x_wconf 83' lang='lat' dir='ltr'><strong>igitur</strong></span> <span class='ocrx_word' id='word_1_148' title='bbox 625 2688 721 2750; x_wconf 88' lang='lat' dir='ltr'><strong>tellus</strong></span> <span class='ocrx_word' id='word_1_149' title='bbox 734 2683 861 2748; x_wconf 86' lang='lat' dir='ltr'><strong>omneis</strong></span> <span class='ocrx_word' id='word_1_150' title='bbox 871 2695 1036 2748; x_wconf 83' lang='lat' dir='ltr'><strong>exaestuat</strong></span> <span class='ocrx_word' id='word_1_151' title='bbox 1048 2697 1171 2768; x_wconf 88' lang='lat' dir='ltr'><strong>aestus,</strong></span> 
     </span>
     <span class='ocr_line' id='line_1_25' title="bbox 420 2789 1236 2880; baseline -0.009 -21"><span class='ocrx_word' id='word_1_152' title='bbox 420 2794 636 2880; x_wconf 80' lang='lat' dir='ltr'><strong>Exspiratque</strong></span> <span class='ocrx_word' id='word_1_153' title='bbox 651 2794 738 2856; x_wconf 88' lang='lat' dir='ltr'><strong>loras</strong></span> <span class='ocrx_word' id='word_1_154' title='bbox 752 2790 789 2853; x_wconf 90' lang='lat' dir='ltr'><strong>in</strong></span> <span class='ocrx_word' id='word_1_155' title='bbox 798 2801 912 2873; x_wconf 82' lang='lat' dir='ltr'><strong>aperto</strong></span> <span class='ocrx_word' id='word_1_156' title='bbox 926 2799 1123 2872; x_wconf 85' lang='lat' dir='ltr'><strong>promtaque</strong></span> <span class='ocrx_word' id='word_1_157' title='bbox 1140 2789 1236 2854; x_wconf 88' lang='lat' dir='ltr'><strong>coeli.</strong></span> 
     </span>
    </p>

    <p class='ocr_par' dir='ltr' id='par_1_11' title="bbox 374 2893 1356 3195">
     <span class='ocr_line' id='line_1_26' title="bbox 374 2893 1285 2964; baseline -0.004 0"><span class='ocrx_word' id='word_1_158' title='bbox 374 2918 380 2936; x_wconf 81' lang='lat'><strong><em>‘</em></strong></span> <span class='ocrx_word' id='word_1_159' title='bbox 461 2900 516 2964; x_wconf 88' lang='lat' dir='ltr'><strong>Sic</strong></span> <span class='ocrx_word' id='word_1_160' title='bbox 529 2908 561 2962; x_wconf 90' lang='lat' dir='ltr'><strong>et</strong></span> <span class='ocrx_word' id='word_1_161' title='bbox 570 2899 700 2960; x_wconf 83' lang='lat' dir='ltr'><strong>Averna</strong></span> <span class='ocrx_word' id='word_1_162' title='bbox 710 2898 783 2959; x_wconf 91' lang='lat' dir='ltr'><strong>loca</strong></span> <span class='ocrx_word' id='word_1_163' title='bbox 798 2893 931 2958; x_wconf 85' lang='lat' dir='ltr'><strong>alitibus</strong></span> <span class='ocrx_word' id='word_1_164' title='bbox 944 2893 1154 2958; x_wconf 83' lang='lat' dir='ltr'><strong>summittere·</strong></span> <span class='ocrx_word' id='word_1_165' title='bbox 1161 2895 1285 2960; x_wconf 81' lang='lat' dir='ltr'><strong>debent</strong></span> 
     </span>
     <span class='ocr_line' id='line_1_27' title="bbox 419 2987 1356 3088; baseline -0.002 -16"><span class='ocrx_word' id='word_1_166' title='bbox 419 2987 625 3072; x_wconf 72' lang='lat' dir='ltr'><strong>ltlortileram</strong></span> <span class='ocrx_word' id='word_1_167' title='bbox 634 3004 718 3087; x_wconf 83' lang='lat' dir='ltr'><strong>vim,</strong></span> <span class='ocrx_word' id='word_1_168' title='bbox 730 3005 771 3066; x_wconf 90' lang='lat' dir='ltr'><strong>de</strong></span> <span class='ocrx_word' id='word_1_169' title='bbox 785 3012 871 3066; x_wconf 90' lang='lat' dir='ltr'><strong>terra</strong></span> <span class='ocrx_word' id='word_1_170' title='bbox 882 3022 967 3083; x_wconf 84' lang='lat' dir='ltr'><strong>quae</strong></span> <span class='ocrx_word' id='word_1_171' title='bbox 979 3001 1084 3088; x_wconf 84' lang='lat' dir='ltr'><strong>surgit</strong></span> <span class='ocrx_word' id='word_1_172' title='bbox 1094 3001 1129 3065; x_wconf 91' lang='lat' dir='ltr'><strong>in</strong></span> <span class='ocrx_word' id='word_1_173' title='bbox 1143 3023 1256 3088; x_wconf 83' lang='lat' dir='ltr'><strong>auras,</strong></span> <span class='ocrx_word' id='word_1_174' title='bbox 1353 3065 1356 3070; x_wconf 16' lang='grc' dir='ltr'><strong>Α</strong></span> 
     </span>
     <span class='ocr_line' id='line_1_28' title="bbox 420 3109 1205 3195; baseline -0.005 -21"><span class='ocrx_word' id='word_1_175' title='bbox 420 3113 466 3174; x_wconf 87' lang='lat' dir='ltr'><strong>Ut</strong></span> <span class='ocrx_word' id='word_1_176' title='bbox 477 3111 619 3195; x_wconf 89' lang='lat' dir='ltr'><strong>spatium</strong></span> <span class='ocrx_word' id='word_1_177' title='bbox 634 3109 719 3175; x_wconf 90' lang='lat' dir='ltr'><strong>coeli</strong></span> <span class='ocrx_word' id='word_1_178' title='bbox 737 3111 880 3192; x_wconf 89' lang='lat' dir='ltr'><strong>quadam</strong></span> <span class='ocrx_word' id='word_1_179' title='bbox 891 3110 932 3172; x_wconf 93' lang='lat' dir='ltr'><strong>de</strong></span> <span class='ocrx_word' id='word_1_180' title='bbox 946 3118 1038 3191; x_wconf 84' lang='lat' dir='ltr'><strong>parte</strong></span> <span class='ocrx_word' id='word_1_181' title='bbox 1050 3118 1205 3172; x_wconf 84' lang='lat' dir='ltr'><strong>venenet:</strong></span> 
     </span>
    </p>

    <p class='ocr_par' dir='ltr' id='par_1_12' title="bbox 420 3213 1225 3412">
     <span class='ocr_line' id='line_1_29' title="bbox 421 3213 1225 3301; baseline 0.001 -22"><span class='ocrx_word' id='word_1_182' title='bbox 421 3219 498 3301; x_wconf 74' lang='lat' dir='ltr'><strong>Quo</strong></span> <span class='ocrx_word' id='word_1_183' title='bbox 506 3214 606 3282; x_wconf 86' lang='lat' dir='ltr'><strong>simul</strong></span> <span class='ocrx_word' id='word_1_184' title='bbox 616 3235 655 3278; x_wconf 88' lang='lat' dir='ltr'><strong>ac</strong></span> <span class='ocrx_word' id='word_1_185' title='bbox 669 3213 816 3298; x_wconf 89' lang='lat' dir='ltr'><strong>primum</strong></span> <span class='ocrx_word' id='word_1_186' title='bbox 831 3215 949 3298; x_wconf 90' lang='lat' dir='ltr'><strong>pennis</strong></span> <span class='ocrx_word' id='word_1_187' title='bbox 967 3216 1074 3278; x_wconf 87' lang='lat' dir='ltr'><strong>delata</strong></span> <span class='ocrx_word' id='word_1_188' title='bbox 1087 3215 1129 3279; x_wconf 88' lang='lat' dir='ltr'><strong>sit</strong></span> <span class='ocrx_word' id='word_1_189' title='bbox 1138 3217 1225 3299; x_wconf 81' lang='lat' dir='ltr'><strong>ales,</strong></span> 
     </span>
     <span class='ocr_line' id='line_1_30' title="bbox 420 3321 1139 3412; baseline 0.006 -29"><span class='ocrx_word' id='word_1_190' title='bbox 420 3323 624 3406; x_wconf 86' lang='lat' dir='ltr'><strong>Impediatur</strong></span> <span class='ocrx_word' id='word_1_191' title='bbox 635 3321 701 3403; x_wconf 91' lang='lat' dir='ltr'><strong>ibi,</strong></span> <span class='ocrx_word' id='word_1_192' title='bbox 714 3341 811 3386; x_wconf 87' lang='lat' dir='ltr'><strong>caeco</strong></span> <span class='ocrx_word' id='word_1_193' title='bbox 828 3331 983 3412; x_wconf 84' lang='lat' dir='ltr'><strong>conrepta</strong></span> <span class='ocrx_word' id='word_1_194' title='bbox 993 3343 1121 3387; x_wconf 86' lang='lat' dir='ltr'><strong>veneno</strong></span> <span class='ocrx_word' id='word_1_195' title='bbox 1129 3371 1139 3406; x_wconf 91' lang='lat'>‚</span> 
     </span>
    </p>

    <p class='ocr_par' dir='ltr' id='par_1_13' title="bbox 420 3427 1183 3518">
     <span class='ocr_line' id='line_1_31' title="bbox 420 3427 1183 3518; baseline 0.005 -28"><span class='ocrx_word' id='word_1_196' title='bbox 420 3429 465 3491; x_wconf 88' lang='lat' dir='ltr'><strong>Ut</strong></span> <span class='ocrx_word' id='word_1_197' title='bbox 478 3431 572 3494; x_wconf 89' lang='lat' dir='ltr'><strong>cadat</strong></span> <span class='ocrx_word' id='word_1_198' title='bbox 585 3451 603 3493; x_wconf 99' lang='lat' dir='ltr'><strong>e</strong></span> <span class='ocrx_word' id='word_1_199' title='bbox 617 3427 844 3516; x_wconf 81' lang='lat' dir='ltr'><strong>regioneloci,</strong></span> <span class='ocrx_word' id='word_1_200' title='bbox 858 3450 923 3510; x_wconf 89' lang='lat' dir='ltr'><strong>qua</strong></span> <span class='ocrx_word' id='word_1_201' title='bbox 934 3430 1047 3518; x_wconf 85' lang='lat' dir='ltr'><strong>dirigit</strong></span> <span class='ocrx_word' id='word_1_202' title='bbox 1063 3440 1183 3494; x_wconf 85' lang='lat' dir='ltr'><strong>aestus:</strong></span> 
     </span>
    </p>
   </div>
   <div class='ocr_carea' id='block_1_4' title="bbox 420 3538 1337 3624">
    <p class='ocr_par' dir='ltr' id='par_1_14' title="bbox 420 3538 1337 3624">
     <span class='ocr_line' id='line_1_32' title="bbox 420 3538 1337 3624; baseline 0.007 -25"><span class='ocrx_word' id='word_1_203' title='bbox 420 3539 497 3622; x_wconf 77' lang='lat' dir='ltr'><strong>Quo</strong></span> <span class='ocrx_word' id='word_1_204' title='bbox 514 3549 613 3620; x_wconf 87' lang='lat' dir='ltr'><strong>quom</strong></span> <span class='ocrx_word' id='word_1_205' title='bbox 626 3538 755 3602; x_wconf 90' lang='lat' dir='ltr'><strong>conruit</strong></span> <span class='ocrx_word' id='word_1_206' title='bbox 770 3540 851 3602; x_wconf 90' lang='lat' dir='ltr'><strong>haec</strong></span> <span class='ocrx_word' id='word_1_207' title='bbox 870 3538 1045 3603; x_wconf 83' lang='lat' dir='ltr'><strong>eademvis</strong></span> <span class='ocrx_word' id='word_1_208' title='bbox 1060 3538 1150 3604; x_wconf 81' lang='lat' dir='ltr'><strong>illius</strong></span> <span class='ocrx_word' id='word_1_209' title='bbox 1161 3547 1285 3624; x_wconf 80' lang='lat' dir='ltr'><strong>aestus,</strong></span> <span class='ocrx_word' id='word_1_210' title='bbox 1332 3569 1337 3576; x_wconf 95' lang='lat'><strong>·</strong></span> 
     </span>
    </p>
   </div>
   <div class='ocr_carea' id='block_1_5' title="bbox 295 3645 1207 3729">
    <p class='ocr_par' dir='ltr' id='par_1_15' title="bbox 295 3645 1207 3729">
     <span class='ocr_line' id='line_1_33' title="bbox 295 3645 1207 3729; baseline 0 -21"><span class='ocrx_word' id='word_1_211' title='bbox 295 3687 300 3694; x_wconf 91' lang='lat'><strong>·</strong></span> <span class='ocrx_word' id='word_1_212' title='bbox 420 3645 590 3729; x_wconf 84' lang='lat' dir='ltr'><strong>Reliquias</strong></span> <span class='ocrx_word' id='word_1_213' title='bbox 603 3645 690 3710; x_wconf 84' lang='lat' dir='ltr'><strong>vitae</strong></span> <span class='ocrx_word' id='word_1_214' title='bbox 701 3646 858 3710; x_wconf 88' lang='lat' dir='ltr'><strong>membris</strong></span> <span class='ocrx_word' id='word_1_215' title='bbox 868 3668 907 3709; x_wconf 90' lang='lat' dir='ltr'><strong>ex</strong></span> <span class='ocrx_word' id='word_1_216' title='bbox 923 3645 1076 3710; x_wconf 88' lang='lat' dir='ltr'><strong>omnibus</strong></span> <span class='ocrx_word' id='word_1_217' title='bbox 1092 3647 1207 3709; x_wconf 84' lang='lat' dir='ltr'><strong>aufert.</strong></span> 
     </span>
    </p>
   </div>
   <div class='ocr_carea' id='block_1_6' title="bbox 421 3752 1357 3839">
    <p class='ocr_par' dir='ltr' id='par_1_16' title="bbox 421 3752 1357 3839">
     <span class='ocr_line' id='line_1_34' title="bbox 421 3752 1357 3839; baseline 0 -23"><span class='ocrx_word' id='word_1_218' title='bbox 421 3752 1357 3839; x_wconf 67' lang='lat' dir='ltr'><strong>Quippeetenimprimoquasiquendamconcietaesmm</strong></span> 
     </span>
    </p>
   </div>
   <div class='ocr_carea' id='block_1_7' title="bbox 0 0 1572 5111">
    <p class='ocr_par' dir='ltr' id='par_1_17' title="bbox 0 0 1572 5111">
     <span class='ocr_line' id='line_1_35' title="bbox 0 0 1572 5111; baseline 0 0"><span class='ocrx_word' id='word_1_219' title='bbox 0 0 1572 5111; x_wconf 95' lang='lat' dir='ltr'><strong> </strong></span> 
     </span>
    </p>
   </div>
  </div>
 </body>
</html>
