3034 5114
378 398 515 483 ''se
659 351 1192 500 'benenunnsruns
1265 402 1386 482 mse

338 635 344 646 ,
474 561 558 622 Nam
571 551 791 636 quodeunque
803 547 871 611 suis
882 550 1046 607 mutatura
1062 541 1185 606 finibus
1197 539 1278 623 exit,

382 667 394 680 '
474 658 639 725 Continuo
654 657 719 719 hoc
730 673 819 716 mors
833 659 881 714 est
894 647 1002 729 illius,
1019 649 1110 728 quod
1121 643 1185 709 fuit
1198 656 1286 709 ante.

471 763 614 833 Proinde
631 765 741 828 colore
757 780 836 825 cave
849 756 1019 845 contingas
1032 737 1160 821 semina
1174 773 1306 838 rerum,

472 880 522 942 Ne
538 873 599 938 tibi
610 892 665 952 res
680 871 817 933 redeant
830 865 875 930 ad
889 864 998 929 nilum
1014 863 1165 928 funditus
1180 881 1305 928 omnes·

425 1036 427 1042 .
511 985 698 1062 Praeterea,
711 975 740 1041 si
754 973 849 1039 nulla
862 969 982 1036 coloris
997 966 1170 1053 principiis
1183 975 1231 1030 eet

470 1085 613 1152 Reddita
624 1091 759 1163 natura,
771 1087 804 1142 et
814 1075 914 1168 variis
925 1082 1003 1140 sunt
1015 1071 1164 1158 praedita
1180 1069 1313 1152 formis,

470 1193 498 1254 E
510 1188 631 1272 quibus
642 1182 836 1270 omnigenos
845 1178 988 1268 gignunt
1002 1175 1196 1255 variantque
1206 1175 1351 1250 colores3

469 1300 657 1374 Praeterea,
670 1289 785 1376 magni
798 1289 889 1370 quoti
903 1286 1016 1366 refert,
1028 1281 1154 1346 semina
1166 1297 1318 1362 quaeque

470 1405 555 1465 Cum
565 1397 698 1481 quibus,
711 1404 744 1459 et
757 1391 849 1474 quali
865 1387 1028 1475 positura,
1046 1383 1293 1467 contineantur,

469 1512 511 1574 Et
526 1525 607 1588 quos
616 1505 702 1568 inter
713 1522 749 1567 se
760 1501 840 1566 dent
850 1507 974 1580 motus,
993 1493 1239 1578 accipiantques

469 1609 628 1678 Perfacile
645 1607 810 1688 extemplo
826 1601 990 1666 rationem
1004 1600 1143 1664 reddere
1157 1597 1276 1684 possis,

470 1720 603 1796 Cures,
618 1729 703 1793 quae
712 1706 810 1794 nigro
820 1704 942 1770 fuerint
953 1705 1068 1787 paullo
1083 1710 1159 1765 ante
1177 1702 1305 1784 colore,

470 1823 657 1884 Marmoreo
675 1810 888 1906 fieripossint
904 1811 1049 1876 candore
1063 1819 1217 1893 repente:

469 1931 514 1992 Ut
530 1946 636 2008 mare,
656 1942 758 2004 quom
774 1919 888 2007 magni
900 1926 1109 1982 commorunt
1121 1935 1265 1999 aequora
1279 1918 1387 2002 venti,

469 2032 619 2116 Vertitur
633 2025 670 2091 in
687 2045 785 2092 canos
802 2023 956 2088 candenti
969 2040 1135 2118 marinore
1147 2024 1274 2088 fluctus.
1368 2026 1425 2106 767

469 2133 588 2202 Dicere
600 2131 689 2197 enim
702 2129 806 2216 possis
816 2129 962 2216 nigrum,
978 2131 1069 2210 quod
1084 2148 1182 2216 saepe
1198 2127 1373 2212 videmus,

469 2241 622 2306 Materies
636 2239 696 2302 ubi
711 2233 873 2320 permixta
888 2244 935 2298 est
950 2233 1058 2316 illius,
1074 2243 1108 2298 et
1120 2235 1203 2297 ordo

469 2341 643 2426 Principiis
655 2349 813 2421 mutatus,
826 2349 859 2403 et
870 2338 983 2412 addita
999 2341 1173 2420 demtaque
1182 2339 1366 2420 quaedam

471 2447 638 2513 Continuo
648 2445 684 2508 id
695 2443 768 2508 fieri
783 2453 821 2506 ut
837 2445 979 2507 candens
996 2441 1164 2526 videatur,
1183 2453 1215 2506 et
1228 2445 1353 2515 album.

441 2608 446 2618 .
471 2551 572 2637 Quod
584 2546 782 2616 sicaeruleis
796 2553 982 2609 constarent
996 2565 1141 2625 aequora
1153 2543 1249 2628 ponti

471 2655 676 2736 Seminibus,
696 2654 790 2718 nullo
805 2662 936 2735 possent
947 2653 1111 2717 albescere
1124 2661 1238 2737 pacto:
1334 2723 1338 2730 .

470 2761 556 2822 Nam
571 2775 769 2842 quocunque
785 2755 887 2818 modo
900 2758 1085 2839 perturbes,
1102 2757 1235 2820 caerula
1246 2775 1332 2838 quae
1343 2755 1424 2840 sint,

470 2865 648 2944 Nunquam
662 2859 700 2922 in
709 2877 933 2922 marmoreum
944 2857 1069 2942 possint
1081 2857 1224 2944 migrare
1238 2862 1398 2926 colorem.

469 2966 528 3031 Sin
540 2966 608 3030 alio
624 2974 723 3047 atque
737 2963 803 3028 alio
816 2971 893 3028 sunt
905 2962 1031 3027 semina
1043 2963 1144 3028 tincta
1157 2967 1282 3046 colore,

468 3057 671 3158 Quaemaris
683 3067 830 3135 efficiunt
841 3089 947 3134 unum
961 3070 1148 3152 purumque
1165 3069 1326 3137 nitoremt
1346 3095 1350 3104 ·

467 3180 513 3242 Ut
524 3197 622 3262 saepe
633 3197 675 3242 ex
690 3177 764 3241 aliis
779 3175 909 3258 formis,
926 3175 1092 3258 variisque
1108 3175 1224 3263 figuris

466 3279 614 3348 Efficitur
628 3281 788 3365 quiddam
800 3283 1013 3364 quadratum,
1024 3297 1157 3364 unaque
1172 3281 1300 3368 figurae

467 3383 708 3465 Conveniebat,
725 3382 776 3448 uti
792 3381 829 3445 in
845 3384 1007 3469 quadrato
1022 3383 1187 3450 cernimus
1198 3405 1267 3451 esse
1368 3454 1373 3460 ,
1500 3379 1511 3460 ’,

466 3489 659 3554 Dissimileis
674 3489 813 3578 ionum
831 3487 877 3552 ita
890 3507 1024 3553 eernere
1038 3489 1076 3554 in
1093 3509 1237 3573 aequore
1245 3487 1356 3576 ponti,

465 3595 531 3656 Aut
545 3591 611 3660 alio
627 3591 664 3656 in
675 3591 795 3676 (pineis
811 3613 881 3656 uno
897 3613 1047 3677 puroque
1063 3592 1188 3675 nitore,

275 3725 277 3730 ·
338 3769 342 3774 ,
464 3699 657 3766 Dissiniteis
672 3702 772 3786 longe
781 3698 867 3764 inter
881 3719 917 3764 se
930 3699 1103 3782 variosque
1123 3702 1294 3782 colores.¹

479 3869 481 3873 ,
504 3802 690 3889 Praetores,
705 3797 955 3870 nffitcffiount
969 3801 1306 3890 enantqnengme
