3134 5112
326 415 531 478 Lruuu
571 414 638 480 vl.
668 435 711 476 ψ.
736 417 810 508 ⁸9¹·
982 427 1038 496 241

76 563 179 647 Quod
188 579 293 646 genus
305 559 387 622 indu
401 557 487 624 mari
497 556 621 620 Aradio
632 557 721 639 fons,
736 557 842 622 dulcis
855 563 967 644 aquai,

76 655 145 751 Qui
154 665 266 746 scatit,
277 675 310 727 et
319 667 418 728 salsas
430 664 555 726 circum
567 685 602 726 se
614 663 762 726 dimovet
773 666 889 728 undas.

75 777 117 836 Et
127 772 241 836 multis
255 770 328 834 aliis
338 771 474 852 praehet
482 768 674 856 regionibus
691 777 817 849 aequor

74 877 260 940 Utilitatem
270 885 495 958 opportunam
505 875 684 938 sitientihu’
693 877 820 970 neptis,

75 987 179 1070 Quod
190 981 885 1072 dulceis,intersalsas,intervomitundas.

75 1091 132 1155 sic
144 1089 248 1176 igitur
259 1108 321 1170 per
334 1107 411 1150 eum
422 1081 559 1169 possunt
574 1109 749 1170 erumpere
759 1089 901 1175 fontem,
922 1101 923 1109 ’

75 1200 118 1260 Et
130 1187 270 1278 scatere,
282 1196 342 1257 ille
352 1195 440 1258 foras
454 1194 492 1258 in
506 1205 662 1278 stuppam
673 1196 817 1259 semina:
831 1219 916 1278 quae
928 1219 1030 1280 quom

76 1300 306 1382 Conveniunt,
317 1310 372 1362 aut
385 1300 422 1362 in
433 1303 519 1363 teda'i
535 1313 673 1384 corpore
687 1303 885 1384 adhaerent,

74 1409 262 1471 Ardescunt
272 1405 368 1468 facile
380 1409 560 1492 extemp103
580 1409 669 1486 quod
684 1409 791 1469 multa
805 1427 939 1489 quoquc
952 1409 1035 1474 inse
1141 1475 1143 1480 ,

72 1513 211 1576 Semina
219 1515 344 1575 hahent
356 1511 445 1599 ignis
459 1515 598 1597 stuppae
612 1513 771 1592 tedueque
785 1523 940 1576 tenentes.
1018 1509 1022 1516 ’

116 1621 235 1681 Nonne
245 1615 337 1681 vides
347 1617 462 1706 etiam,
473 1629 635 1683 nocturna
648 1622 690 1681 ad
704 1619 832 1682 lumina
844 1620 953 1683 linum

72 1730 190 1810 Nuper
198 1725 259 1788 ubi
269 1724 466 1815 exstinctum
478 1707 670 1808 admoveas,
686 1727 859 1791 accendier
874 1738 952 1792 ante
1015 1739 1019 1743 ’

72 1832 187 1913 Quam
201 1827 309 1916 tetigit
317 1831 502 1907 flammam
517 1831 778 1914 tedamque'pari
789 1831 940 1894 ratione?

71 1932 247 2014 Multaque
256 1939 442 2014 praeterea,
453 1932 546 2016 prius
555 1933 629 2016 ipso
641 1943 726 1998 tacta
736 1955 861 2019 uapore
980 1953 1041 2021 904

71 2036 212 2102 Eminus
222 2039 411 2121 ardescunt,
424 2061 525 2120 quam
536 2041 970 2135 comminusimbuat'ignis.
996 2053 1001 2066 '

70 2147 148 2212 Hoc
160 2142 264 2232 igitur
274 2142 348 2207 fieri
360 2165 492 2226 quoque
501 2145 538 2208 in
548 2145 608 2211 illo
620 2149 711 2212 fonte
721 2145 908 2233 putandum
919 2163 977 2215 est.

115 2252 216 2336 Quod
228 2258 389 2332 superest,
407 2271 505 2336 agere
520 2251 696 2338 incipiam,
708 2278 776 2337 quo
790 2258 923 2322 foedere
937 2257 997 2322 fiat

69 2360 234 2448 Naturae,
246 2356 330 2439 lapis
340 2355 396 2418 hio
409 2365 445 2418 ut
461 2357 586 2420 sermm
605 2362 725 2424 ducere
736 2363 854 2446 possit,
870 2378 874 2384 “

70 2467 183 2549 Quem
196 2468 353 2550 Magneta
365 2473 487 2528 vocant
501 2465 610 2549 patrio
625 2469 666 2530 de
682 2469 817 2533 nomine
834 2469 944 2554 Graii,

68 2573 267 2658 Magnetum
282 2569 360 2650 quia
372 2569 414 2634 sit
424 2569 540 2653 patriis
555 2571 591 2634 in
609 2569 734 2635 finibus·
743 2585 844 2638 ortus.

111 2679 213 2740 Hunc
224 2676 376 2742 homines
386 2671 532 2760 lapidem
544 2678 862 2766 mirantur,quippe
875 2692 1026 2750 catenam
1080 2719 1083 2729 =
1153 2723 1167 2756 e

68 2785 178 2863 Saepe
189 2780 381 2842 exannellis
394 2781 502 2843 reddit
512 2784 734 2863 pendentibus
745 2808 840 2851 exse.
866 2861 868 2865 ,

66 2885 230 2970 Quinque
242 2882 365 2946 etenim
377 2884 454 2948 h'cet
463 2885 646 2966 interdum,
657 2889 863 2974 plureisque‚
879 2893 1009 2974 videre,

67 2994 201 3057 Ordine
212 2991 367 3074 demisso,
381 2991 511 3055 levibus
521 2992 673 3056 iactarier
685 2995 793 3077 auris,
903 2995 904 3000 ’
1002 2973 1006 2979 ’

65 3104 165 3164 Unus
175 3099 235 3162 ubi
245 3121 286 3162 ex
301 3118 370 3161 uno
381 3098 545 3180 dependet
555 3141 564 3178 ,
574 3099 687 3160 subter
701 3101 899 3178 adhaerens;

48 3211 118 3270 'Ex
131 3205 268 3287 alioque
280 3203 365 3268 alius
377 3201 499 3286 lapidis
510 3201 580 3282 rim
590 3201 768 3283 vinclaque
779 3205 901 3268 noscit:

63 3311 186 3390 Usque
197 3309 280 3370 adeo
291 3313 525 3389 permanenter
536 3303 585 3367 vis
598 3307 745 3386 pervalet
756 3305 837 3368 eius.
883 3347 891 3364 .

58 3484 62 3492 ,
108 3417 188 3478 Hoc
197 3429 302 3500 genus
311 3408 349 3473 in
359 3411 457 3472 rebus
466 3405 669 3470 firmandum
680 3420 727 3472 est
737 3410 948 3494 multasprius
955 3457 967 3496 ,

600 3573 608 3582 ,
723 3533 825 3595 quam
872 3551 876 3562 x

61 3625 181 3710 Ipsius
194 3623 243 3686 rei
256 3622 420 3686 rationem
433 3621 570 3682 reddere
585 3619 705 3704 possis3

59 3739 110 3799 Et
125 3731 270 3798 nimium
282 3729 390 3817 longis
404 3728 598 3812 ambagibus
609 3737 657 3822 est
668 3729 876 3792 adeundum:

61 3849 151 3930 Quo
165 3840 272 3927 magis
287 3851 426 3906 attentas
435 3832 769 3920 aureis'animumque
780 3824 926 3924 reposco.

156 3946 289 4000 Lucretius.
519 3993 521 4000 Α
738 3945 769 4000 ι6
