3034 5114
472 406 511 474 ss
678 403 743 468 oa
767 403 953 468 ussum
982 401 1192 466 urruns
1264 421 1298 463 v.
1319 405 1388 483 4³7.

469 555 536 619 Aut
547 549 639 614 iuvat
650 549 821 636 egrediens
834 546 1007 636 genitaleis
1027 568 1088 628 per
1103 543 1242 610 Venetis
1258 565 1328 610 res:

467 660 549 738 Aut,
563 679 605 720 ex
618 652 745 720 offensu
758 675 860 734 quom
877 655 1011 716 turbant
1029 671 1169 735 corpore
1182 651 1218 714 in
1231 652 1305 734 ipso

468 760 619 840 Semina,
636 759 844 824 confundunt
851 757 940 846 ¹inter
951 777 986 821 se
999 755 1130 821 concita
1147 771 1301 822 sensumt

468 869 534 950 Ut,
551 867 676 931 siforte
687 883 787 929 mauu
803 862 956 946 quamvis
970 864 1038 926 iam
1052 862 1201 946 corporis
1213 861 1286 946 ipse

468 975 553 1038 Tute
566 973 627 1036 tibi
642 981 770 1054 partem
785 969 899 1049 ferias,
912 979 1011 1050 atque
1026 966 1208 1051 experiare.

467 1079 681 1161 Quapropter
692 1079 794 1176 longe
806 1076 929 1153 formes
940 1071 1062 1148 clistare
1079 1095 1210 1138 necesse
1224 1084 1289 1156 est,

467 1182 658 1265 Principiis,
671 1180 780 1245 varios
792 1198 879 1262 quae
888 1181 1013 1263 possint
1027 1181 1126 1244 edere
1141 1201 1266 1244 sensus.

507 1288 679 1370 Denique,
697 1307 783 1370 quae
802 1287 899 1352 nobis
915 1290 1031 1352 durata
1044 1288 1194 1372 acspissa
1208 1287 1384 1373 videntur,

465 1395 559 1458 Haec
570 1392 676 1480 magis
689 1392 831 1456 hamatis
843 1391 931 1455 inter
946 1411 1017 1456 sese
1030 1411 1100 1456 esse
1115 1413 1246 1456 necesse
1257 1403 1319 1474 est,

466 1500 508 1563 Et
519 1496 612 1579 quasi
624 1497 762 1568 ramosis
773 1498 839 1560 alte
850 1507 1020 1580 compacta
1038 1495 1155 1560 teneri.

466 1602 507 1666 ln
520 1622 587 1682 quo
598 1602 665 1678 iam
675 1618 798 1688 genere
811 1599 848 1662 in
861 1600 979 1683 primis
995 1599 1209 1664 adamantina
1223 1619 1320 1683 saxa,

467 1708 579 1773 Prima
589 1707 660 1776 acie
679 1717 847 1791 constant,
859 1708 943 1773 ictus
959 1719 1171 1772 contemnere
1182 1716 1298 1784 sueta3

468 1817 508 1878 Et
521 1813 627 1877 validi
639 1815 762 1896 silices,
779 1827 818 1878 ac
830 1814 907 1877 duri
921 1816 1042 1879 robora
1056 1811 1153 1894 ferri,

467 1918 635 1999 Aeraque,
650 1935 736 1996 quac
749 1915 898 1988 claustris
910 1914 1067 1982 restantia
1079 1915 1316 1980 uociferantur.

425 2005 429 2010 ’
509 2023 572 2085 llla
591 2020 727 2104 quidem
739 2023 862 2086 debent
872 2043 913 2086 ex
924 2022 1075 2087 laevibue
1089 2033 1188 2102 atque
1203 2019 1356 2088 rotundis

468 2131 546 2193 Esse
560 2129 680 2215 magn,
693 2130 797 2193 fluido
807 2143 1038 2222 quaeeorpose
1047 2128 1176 2208 liquida
1191 2139 1361 2207 constant3
1377 2133 1437 2210 45²

314 2304 319 2316 ¹
398 2274 404 2298 ι
468 2237 618 2318 Namque
629 2235 804 2318 papaveris
816 2238 951 2300 haustus
968 2233 1048 2298 item
1061 2243 1108 2302 est
1120 2233 1228 2300 facilis
1239 2236 1332 2318 quod

362 2333 364 2338 ’
999 2359 1182 2422 aquarum:

468 2447 537 2510 Nec
548 2444 735 2508 retinentur
746 2443 836 2508 enim
849 2445 975 2509 interce
987 2447 1230 2533 glomeramina
1244 2463 1413 2530 quaeque,

467 2547 510 2612 Et
520 2545 788 2629 procursusitem
800 2547 837 2610 in
847 2547 996 2629 proclive
1007 2549 1165 2617 volubilis
1178 2561 1293 2616 exstat.

511 2647 634 2711 Omnia
644 2650 826 2731 postremo,
844 2669 932 2730 quae
941 2661 1068 2734 puncto
1080 2662 1228 2737 tempore
1241 2657 1350 2725 cernis

468 2748 654 2844 Diffugere,
666 2764 704 2822 ut
714 2757 846 2822 fumum
852 2801 864 2840 ‚
884 2757 1040 2844 nebulas,
1053 2764 1282 2847 flammasque,
1301 2786 1365 2832 nee

1001 2889 1090 2962 cesse
1103 2880 1169 2953 est,
1458 2865 1466 2875 “

468 2961 504 3028 si
516 2961 628 3030 minus
640 2964 754 3031 omnia
771 2976 883 3035 sunte
900 2970 1050 3040 lactibus
1066 2985 1166 3058 atque
1188 2979 1360 3064 rotundis,

468 3065 512 3130 At
524 3085 594 3130 non
604 3087 673 3135 ease
692 3081 802 3136 tamen
819 3075 984 3159 perplexis
997 3076 1212 3162 indupedite3

467 3177 622 3263 Pungere
637 3180 687 3244 uti
702 3182 830 3264 possint
843 3205 974 3269 corpus,
993 3198 1234 3272 penetrareque
1244 3213 1340 3258 saxa:

467 3285 537 3347 Nee
550 3292 660 3350 umen
673 3290 811 3352 haerere
822 3290 909 3354 inter
924 3313 973 3375 se,
991 3299 1084 3376 quod
1092 3297 1234 3380 quisque
1245 3302 1406 3372 videmus

467 3387 620 3452 Sentibus
630 3409 700 3454 esse
710 3394 840 3457 datum:
857 3395 955 3461 facile
966 3409 1005 3463 ut
1014 3419 1213 3487 cognoscere
1227 3406 1351 3491 possis,

469 3493 545 3559 Non
556 3517 575 3560 e
586 3500 770 3584 perplexis,
782 3505 841 3567 sed
854 3505 957 3571 acutis
966 3527 1035 3573 esse
1045 3511 1230 3576 elementis.

151 3664 165 3746 ἱ
381 3617 408 3654 f
447 3643 451 3648 -
508 3605 573 3666 Sed
583 3609 673 3686 quod
681 3627 794 3674 amara
803 3609 1126 3701 crescendumque
1136 3620 1261 3686 fluvida
1270 3632 1448 3708 constant,

469 3711 576 3776 Sudor
586 3711 635 3784 ull
642 3715 743 3780 maris
758 3719 1144 3801 connumeraturus
1157 3728 1352 3810 quoiquam.

469 3819 553 3882 Nam
564 3823 655 3904 quod
667 3823 829 3894 luridum
841 3839 901 3915 est,-
909 3853 935 3910 ¹e
944 3831 1098 3904 horinos
1106 3844 1206 3923 atqua
1220 3839 1381 3910 rotundis
