3056 5126
334 443 335 450 a
448 416 486 478 14
563 341 566 360 ’
644 397 1178 462 nansnuuunruns
1245 405 1373 480 aaa

444 538 598 608 stillicidt
610 562 702 608 casus
711 543 857 626 lapidem
871 551 982 605 cavat:
1000 529 1104 608 uncus
1117 542 1220 606 aratri

444 649 582 711 Ferreus
594 648 722 710 occulte
738 644 895 708 decrescit
912 667 1027 709 vomer
1040 646 1078 708 in
1094 647 1198 710 arvis:

446 757 618 835 Strataque
629 753 695 816 iam
713 751 803 838 volgi
820 753 961 835 pedibus
980 753 1100 817 detrita
1117 753 1247 818 viarum

444 855 548 916 Saxea
564 851 798 936 conspicimus:
818 862 906 934 tum,
924 861 1034 934 portas
1048 861 1202 935 propter,
1216 857 1324 920 ahena

445 962 545 1050 Signa
557 979 674 1023 manus
692 961 822 1024 dextras
837 959 1013 1024 ostendunt
1030 959 1194 1022 attenuari

443 1071 548 1152 Saepe
562 1070 764 1132 salutantum
776 1075 884 1148 tactu,
904 1074 1100 1148 praeterque
1116 1077 1298 1132 meantum.

444 1177 536 1236 Haec
548 1172 651 1259 igitur
666 1169 790 1254 minui,
806 1187 909 1251 quom
919 1167 985 1234 siut
996 1167 1130 1252 detrita,
1143 1169 1315 1251 videmus3

443 1281 524 1362 Sed,
539 1295 625 1360 quae
641 1297 782 1362 corpora
792 1279 952 1342 decedant
966 1278 1001 1340 in
1015 1285 1161 1360 tempore
1179 1299 1335 1365 quoque,

444 1384 561 1450 Invida
579 1382 755 1468 praeclusit
767 1382 910 1466 speciem
925 1367 1044 1453 natura
1062 1382 1216 1480 ridendi,

486 1494 670 1572 Postremo,
683 1509 902 1571 quaecunque
916 1489 985 1554 dies
1003 1497 1186 1570 naturaque
1238 1490 1302 1554 bus

444 1595 621 1657 Paullatim
635 1594 765 1676 tribuit,
780 1594 976 1658 moderatim
990 1613 1134 1660 crescere
1145 1509 1280 1682 cogas,

444 1701 544 1766 Nulla
558 1711 665 1784 potest
676 1702 849 1764 oculorum
860 1697 946 1764 acies
959 1701 1111 1766 contenta
1128 1698 1230 1776 tueri,

443 1803 511 1865 Nec
521 1809 622 1885 porro
630 1821 846 1884 quaecunque
859 1821 942 1866 aevo
959 1800 1132 1882 macieque
1141 1812 1335 1867 senescunt:

443 1907 525 1987 Nec,
543 1926 635 1968 marc
649 1925 734 1988 quae
744 1905 954 1988 impendent,
972 1925 1068 1970 vesco
1076 1908 1144 1970 sale
1154 1924 1232 1970 saxa
1247 1929 1370 1990 peresa

392 2063 395 2068 ,
443 2009 534 2096 Quid
546 2030 678 2092 quoque
688 2009 839 2072 amittant
847 2009 885 2072 in
900 2020 1064 2092 tempore,
1081 2031 1215 2075 cernere
1226 2013 1345 2096 possis·

444 2118 646 2200 Corporibus
659 2115 764 2204 caecis
779 2115 881 2202 igitur
895 2125 1013 2182 natura
1023 2116 1107 2204 gerit
1123 2139 1186 2182 res.
1343 2127 1407 2206 329

485 2224 552 2283 Nec
564 2230 675 2284 tamen
684 2221 832 2303 undique
842 2241 1002 2305 corporea
1013 2222 1132 2307 stipata
1148 2233 1302 2290 tenentur

446 2322 569 2386 Omnia
583 2332 717 2402 natura,
734 2343 878 2406 namque
891 2326 986 2389 estin
998 2329 1096 2390 rebus
1113 2327 1232 2392 inane:

445 2431 544 2516 Quod
560 2427 621 2492 tibi
636 2448 795 2514 cognosse
810 2430 846 2494 in
862 2430 975 2494 multis
993 2431 1055 2493 erit
1068 2431 1151 2494 utile
1167 2436 1284 2515 rebus3

444 2539 512 2598 Nec
525 2533 611 2598 sinet
628 2517 792 2598 errantein
805 2534 957 2626 dubitare
969 2579 979 2616 ,
1000 2543 1031 2596 et
1044 2552 1202 2615 quaerere
1222 2558 1360 2626 semper

444 2640 494 2700 De
505 2657 635 2700 summa
648 2658 775 2718 rerum,
791 2646 822 2699 ct
831 2635 952 2754 postris
965 2631 1115 2702 diffidere
1131 2638 1235 2704 dictis.
1364 2641 1369 2652 '

444 2743 656 2828 Quapropter
670 2741 761 2810 locus
773 2751 820 2802 cst
830 2750 985 2822 intactus,
998 2740 1115 2824 inane,
1126 2766 1324 2836 vacansque.

445 2850 544 2934 Quod
560 2848 589 2913 si
605 2867 673 2912 non
692 2857 787 2932 esset,
806 2849 899 2910 nulla
914 2849 1043 2912 ratione
1055 2853 1182 2915 moveri

443 2958 509 3020 Res
521 2964 665 3040 possent3
684 2939 844 3035 namque,
861 2948 1008 3016 officium
1020 2956 1111 3035 quod
1124 2956 1273 3046 corporis
1282 2967 1395 3026 exstat

352 3068 354 3081 “
445 3057 585 3124 Officmc
600 3069 698 3140 atque
713 3060 862 3139 obstare,
875 3055 911 3118 id
921 3055 958 3118 in
968 3057 1061 3120 omni
1076 3069 1224 3141 tempore
1235 3061 1371 3152 adesset

444 3169 626 3232 Omnibus:
645 3168 736 3230 baud
746 3165 849 3251 igitur
863 3163 1045 3244 quidquam
1059 3164 1239 3247 procedere
1252 3177 1411 3253 possent,

442 3271 647 3354 Principium
664 3269 822 3350 quoniam
839 3266 980 3328 cedendi
994 3267 1088 3328 nulla
1105 3267 1198 3329 daret
1216 3287 1280 3330 res.
1324 3319 1329 3328 .

369 3388 374 3399 “
443 3379 485 3437 At
498 3389 587 3440 nunc
598 3392 659 3454 per
669 3371 791 3452 maria,
804 3391 845 3454 ac
859 3378 975 3452 terras,
994 3368 1203 3452 sublimaque
1215 3371 1313 3456 coeli,

443 3477 550 3537 Multa
562 3473 669 3536 modis
685 3471 796 3535 multis
814 3471 905 3533 varia
915 3469 1043 3534 ratione
1057 3471 1185 3535 moveri

445 3577 617 3641 Cernimus
630 3584 705 3638 ante
719 3576 847 3637 oculos:
865 3595 965 3657 quae,
981 3574 1010 3639 si
1023 3596 1092 3640 non
1108 3588 1190 3641 esset
1200 3578 1321 3668 inane,

443 3686 519 3745 Non
532 3693 597 3744 tam
608 3681 749 3745 sollicito
763 3694 852 3744 motu
864 3682 992 3766 privata
1006 3695 1170 3770 carerent,

444 3794 553 3876 Quam
561 3789 673 3878 genita
684 3789 821 3855 omnino
837 3793 932 3858 nulla
947 3793 1075 3862 ratione
1093 3793 1249 3862 luissent:

1398 3009 1412 3048 5
