3018 5186
374 469 580 538 'LIBER
618 475 687 542 VI.
726 475 849 550 utico.
1034 481 1093 546 233
1148 539 1150 544 .

70 655 73 662 ·
177 621 273 681 Nunc
284 615 369 680 ratio
382 633 468 697 quae
482 615 538 698 sit,
553 637 615 699 per
626 615 749 680 fauceis
761 608 884 678 montis
893 619 931 676 ut
942 615 1064 685 Aetnae

131 725 412 813 Exspirentignes
424 727 591 826 interdum
609 710 860 806 turbine'tanto,

130 829 328 913 Expediam:
340 851 447 914 neque
465 831 557 894 enim
568 831 675 894 diade
689 833 782 894 clade
794 838 906 894 coorta

129 937 303 1000 Flammae
313 945 504 1020 tempestas,
520 935 667 1000 Siculrlm
682 934 850 998 dominata
861 950 922 1018 pen*
935 951 1044 1020 agros,

129 1037 307 1102 Finitumis
317 1041 403 1102 adse
417 1038 581 1104 conuertit
591 1036 744 1126 gentibus
755 1056 829 1119 ora,
895 1099 898 1106 .

128 1143 273 1208 Fumida
289 1163 390 1224 quom
404 1143 491 1207 coeli
500 1142 678 1212 scintillare
692 1143 805 1206 omnia
820 1141 943 1224 templa

130 1253 324 1332 Cernentes,
334 1249 456 1334 pavide
471 1253 681 1335 complebant
691 1257 824 1332 pectora
840 1269 933 1331 eura,

129 1353 222 1438 Quid
236 1355 410 1438 moliretur
420 1337 670 1420 rerumrerum
686 1373 857 1418 novarum.

168 1459 270 1522 Hisce
280 1458 340 1522 tibi
353 1459 390 1522 in
402 1461 501 1522 rebus
511 1460 577 1522 late
591 1468 638 1522 est
647 1460 782 1540 alteque
791 1457 991 1538 videndum,

127 1560 169 1620 Et
180 1561 282 1646 longe
296 1544 428 1626 mactis
443 1560 480 1624 in
495 1545 615 1643 parteis
628 1561 872 1644 dispiciundum
880 1606 890 1642 ,
941 1621 942 1626 ,

127 1665 172 1727 Ut
186 1663 418 1749 reminisceris,
433 1685 598 1730 summam
614 1689 725 1730 rerum
738 1687 806 1733 esse
820 1668 1039 1752 profundam,
1194 1665 1198 1672 “

127 1773 168 1834 Et
178 1770 307 1853 videas,
323 1774 453 1834 eoelum
465 1775 608 1834 summai
625 1771 839 1836 totius‘unum
1065 1755 1075 1788 '¹

129 1880 241 1960 Quam
251 1876 291 1940 sit
301 1878 439 1958 parvola
449 1897 541 1960 pars,
558 1888 699 1958 etqucm
710 1879 902 1946 multesima
915 1889 1056 1944 constet:
1082 1890 1085 1904 ¹

127 1987 196 2050 Nec
206 1998 274 2051 tota
284 2001 375 2071 pars,
387 1991 490 2052 homo
501 1991 600 2052 terrai·
611 1971 712 2069 quota
724 1987 822 2068 totius
831 1999 928 2056 unus.

127 2075 227 2178 Quo'd
239 2094 324 2157 bene
336 2095 541 2178 propositum
555 2094 583 2159 si
596 2095 695 2177 plane
710 2103 905 2176 contueare,
956 2157 957 2160 ,

126 2197 172 2260 Ac
185 2196 299 2284 videas
309 2201 421 2282 plane,
433 2199 550 2262 mirari
563 2201 668 2262 multa
681 2199 858 2280 relinquas.
903 2185 904 2189 ¹
1028 2201 1085 2264 655

164 2306 255 2364 Num
267 2304 341 2384 quis
349 2303 439 2368 enim
450 2302 600 2369 nostrtlm
611 2303 767 2385 miratur,
780 2302 809 2367 si
819 2302 893 2384 quis
903 2303 941 2366 in
951 2313 1040 2379 artus
1128 2381 1134 2396 α

125 2406 259 2490 Accepit
270 2386 377 2494 calido
389 2407 508 2472 febrim
523 2410 652 2472 fervore
666 2419 830 2492 coortam,

125 2513 191 2574 Aut
204 2511 307 2578 alium
319 2511 588 2593 quemvismorbi
600 2535 660 2596 per
671 2516 822 2576 membra
832 2515 1006 2578 dolorem?

126 2615 335 2701 obturgescit
348 2617 437 2679 enim
447 2615 557 2680 subito
568 2616 641 2700 pes,
655 2615 770 2702 arripit
782 2639 859 2682 acer

127 2722 230 2802 Saepe
244 2722 340 2784 dolor
356 2722 498 2805 denteis,
515 2726 629 2786 oculos
643 2723 770 2818 incedit
781 2725 818 2788 in
831 2727 934 2813 ipsos3

127 2825 259 2900 Exsistit
274 2847 367 2888 sacer
377 2826 476 2910 iguis,
489 2837 521 2888 et
534 2826 617 2906 urit,
632 2847 771 2908 corpore
784 2849 933 2914 serpens,
972 2861 977 2868 ·
1078 2865 1080 2874 ι

128 2933 368 3014 Quamcunque
378 2929 519 3012 arripuit
529 2940 672 3012 partem,
684 2930 834 3012 repitque
846 2953 906 3016 per
916 2945 1022 3014 artus;

129 3039 316 3122 Nimirum,
328 3039 408 3120 quia
418 3051 495 3102 suut
507 3041 687 3102 multarum
697 3037 824 3102 semina
838 3059 964 3103 rerum:
1079 3081 1081 3090 ι

124 3125 253 3206 Etsatis
264 3145 345 3207 llaec
359 3145 454 3206 tellus
465 3142 575 3204 morbi
589 3143 786 3224 coelumque
795 3143 875 3206 mali
887 3143 968 3227 fert,

127 3251 336 3331 Undeque'at
346 3249 395 3313 vis
408 3247 561 3312 immensi
570 3267 777 3331 procrescere
785 3251 904 3313 morbi.

126 3349 179 3414 Sic
189 3350 294 3435 igitur
306 3348 365 3428 tuti
375 3351 466 3412 coelo
477 3358 647 3428 terraeque
657 3350 842 3432 putandum
851 3360 901 3414 est

124 3454 174 3516 Ex
187 3452 405 3536 infinito-setis
418 3451 530 3516 omnia
545 3455 771 3538 suppeditare,

125 3563 225 3626 Unde
236 3570 371 3644 repente
383 3571 481 3642 queat
493 3564 591 3626 tellus
603 3581 759 3628 concussa
770 3559 914 3648 moveri,

124 3667 255 3746 Perque
263 3685 361 3729 mare
373 3688 412 3729 ac
425 3676 525 3731 terras
536 3669 669 3751 rapidus
683 3665 878 3751 percurrere
887 3671 1000 3753 turbo,
1068 3681 1071 3688 '

125 3768 219 3856 Ignis
228 3770 397 3834 abundare
408 3774 586 3853 Aetnaeus,
602 3773 823 3837 flammescere
834 3777 982 3853 coelcm5

124 3873 164 3936 ld
178 3895 312 3958 quoque
324 3878 414 3944 euim
424 3877 480 3964 fit,
493 3887 526 3945 et
535 3881 711 3947 ¹ardescunt
723 3879 875 3945 coelestia
889 3881 1020 3963 templa.
1053 3965 1055 3971 Ι
1166 3905 1167 3910 1
