3056 5126
468 467 507 516 aa
678 445 746 510 DE
775 435 962 507 RERUM
988 438 1207 504 NATURA
1258 457 1290 504 a.
1311 437 1385 514 568.

464 585 598 668 Mollia,
617 583 813 668 quaesunt,
826 588 901 666 a'er,
914 601 1015 664 aqna,
1027 587 1129 662 terra‚'
1138 596 1292 662 vapores,

464 693 541 776 Quo
551 701 647 773 pacto
656 687 752 770 fiant,
764 697 797 751 et
810 706 875 768 qua
889 686 923 749 vi
943 705 1073 766 cunque
1091 692 1267 770 gerantur:

465 795 656 858 Admixtum
670 792 828 875 quoniam
839 792 938 856 simul
954 789 1050 854 estin
1065 790 1162 852 rebus
1172 786 1282 850 inane.

463 905 506 970 tr
528 915 658 984 contra,
673 901 701 968 si
712 900 827 966 mollia
843 899 908 964 sint
925 896 1108 983 primordia
1126 914 1252 973 rerum,
1275 905 1279 940 -’
1367 869 1380 896 ”

466 1006 564 1071 Unde
574 1015 696 1088 queant
715 1004 816 1067 validi
832 1003 940 1070 silices
953 1001 1144 1081 ferrumque
1161 993 1283 1075 oreari,

466 1119 542 1181 Non
557 1115 679 1204 poterit
691 1113 775 1176 ratio
788 1110 898 1176 reddi:
921 1130 1000 1175 nam
1014 1106 1163 1174 funditus
1177 1102 1286 1170 omnis

467 1218 636 1303 Principio
646 1215 854 1282 fundamenti
872 1225 991 1278 natura
1007 1211 1141 1278 carebit.

467 1327 551 1390 Sunt
566 1315 669 1408 initur
681 1321 786 1385 solida
802 1317 963 1407 pollentia
977 1315 1204 1400 simplicium

467 1431 620 1515 Quorum
638 1431 805 1494 oondeuso
821 1425 927 1513 magis
941 1422 1054 1490 omnia
1066 1421 1244 1486 conciliatu

437 1563 439 1569 ·
469 1529 579 1611 nrtari
591 1538 743 1613 possunt,
761 1530 952 1611 validasque
969 1528 1140 1594 ostendere
1151 1522 1261 1588 vireis.

509 1637 633 1717 Porro,
645 1633 674 1702 si
688 1634 781 1696 nulia
792 1643 840 1696 ost
854 1629 1049 1718 frangundis
1063 1627 1191 1696 reddita
1206 1621 1283 1688 finis

469 1739 689 1824 Oorporibus,
707 1746 818 1802 tamen
835 1757 877 1802 ex
889 1746 1023 1802 aeterno
1037 1743 1184 1815 tempore
1203 1731 1356 1811 quaeque

468 1846 564 1912 Nunc
576 1843 676 1906 etiam
688 1861 845 1925 superare
862 1860 993 1906 necesse
1010 1847 1061 1902 est
1079 1851 1219 1920 corpora
1233 1833 1347 1913 rebus,

468 1951 564 2036 Quae
577 1949 726 2016 nondum
741 1949 873 2014 clueant
889 1946 960 2014 ullo
975 1952 1098 2011 tentata
1115 1937 1251 2026 periclo.

469 2055 707 2138 Aesquontam
716 2054 828 2140 fragili
841 2060 958 2118 natura
975 2048 1304 2134 praeditaoonstant,

469 2158 836 2242 Discrepat,aeternum
858 2153 1147 2240 tempus'potuisse
1161 2167 1312 2216 manere·
1345 2189 1348 2196 -
1376 2147 1441 2216 58³

469 2257 771 2331 Innumerabilihus
787 2260 893 2348 plagis
911 2267 1028 2324 vexata
1042 2277 1103 2340 por
1119 2272 1249 2320 aevom.

511 2363 680 2446 Denique,
693 2364 761 2432 iam
772 2365 931 2447 quoniam
948 2365 1129 2452 generatim
1146 2363 1282 2428 reddita.
1292 2360 1371 2428 finis

474 2465 649 2546 Crescendi
662 2467 761 2532 rebus
775 2468 1095 2550 constantinusque
1110 2465 1262 2549 tenendi,

472 2573 513 2637 Et
534 2558 615 2653 quid
629 2589 779 2653 quaeque
790 2582 914 2654 queant
927 2593 987 2655 por
996 2572 1130 2640 foedera
1144 2575 1291 2654 naturai,

473 2675 565 2762 Quid
572 2686 859 2759 porronequeaut,
869 2675 1031 2743 sancitum
1039 2675 1435 2762 quandoquidemesstat3

471 2782 540 2848 Neo
550 2785 771 2846 commutatur
781 2777 980 2864 quidquam
997 2777 1080 2868 quin
1093 2778 1207 2848 munia
1225 2789 1377 2845 constant

473 2893 586 2972 Usque
594 2889 693 2971 adeo,
707 2883 819 2956 variae
828 2887 979 2954 volucres
990 2896 1040 2970 ut,
1053 2886 1088 2956 io
1099 2887 1213 2955 ordine
1224 2897 1382 2974 cunctae,

474 2997 658 3064 Ostendant
672 2997 820 3065 maculas
828 2999 1011 3086 generaleis
1026 3017 1164 3082 corporo
1176 2995 1300 3064 inesse:

472 3099 686 3168 Inmutabilo
699 3101 856 3170 materiae
872 3121 1005 3185 quoque
1018 3121 1138 3187 eorpus
1149 3103 1273 3166 habere

472 3208 603 3274 Debent
620 3207 790 3276 nimirum·
807 3211 906 3291 Nam,
919 3208 1142 3293 siprirnordia
1157 3227 1271 3274 rerum
1287 3215 1292 3222 '

474 3313 679 3378 commutari
695 3315 808 3396 aliqua
825 3325 958 3398 possent
973 3314 1103 3382 ratione
1115 3315 1256 3396 revicta,
1296 3355 1299 3362 -

473 3419 642 3488 Incertum
654 3437 786 3500 quoque
798 3417 865 3484 iam
878 3427 1019 3499 constet,
1037 3418 1120 3499 quid
1132 3419 1235 3502 possit
1248 3416 1344 3501 oriri,

474 3524 565 3609 Quid
579 3533 735 3603 nequeat3
746 3522 840 3590 finita
853 3535 995 3607 potestas
1007 3522 1152 3606 denique
1163 3525 1311 3607 quoique

475 3630 627 3714 Quanam
647 3626 687 3692 sit
704 3627 849 3711 ratione,
866 3639 964 3713 atque
975 3632 1044 3696 alte
1059 3631 1223 3696 terminus
1230 3635 1389 3715 haerena5

475 3737 542 3803 Neo
560 3734 679 3802 totiens
694 3745 826 3817 possent
842 3737 1025 3820 generatim
1039 3741 1125 3804 secla
1140 3731 1264 3804 referre

477 3837 655 3927 Naturam,
671 3849 797 3925 motus,
815 3840 955 3924 vietum,
978 3847 1348 3932 moresqueparentum.
