2940 5114
403 443 461 526 1⁵4
599 439 665 504 un
689 439 881 523 neuun
907 436 1124 501 nerunt
1172 457 1205 497 v.
1227 454 1314 516 1072·

400 587 510 667 Quam
519 579 661 646 miserias
675 571 798 644 etenim
811 578 966 663 potiundi
981 589 1129 671 ternpore
1140 577 1177 642 in
1190 579 1264 662 ipso
1331 617 1336 628 ·

399 688 554 768 lr'luetuat¹
567 685 700 769 incertis
715 685 882 750 erroribus
899 688 997 750 ardor
1013 696 1200 750 amantum:

398 789 959 875 Neceonstat,quidprimumooulis
967 790 1350 872 manibusque-fruantur.

400 893 500 980 Quod
510 896 648 980 petiere,
662 893 818 989 premunt
831 907 936 980 arcte,
948 893 1138 980 faciuntque
1153 898 1303 960 dolorem

395 1000 571 1090 ¹Corporis,
586 1011 618 1064 et
633 1002 758 1068 denteis
769 1001 914 1066 inlidunt
925 1001 1191 1085 saepe-labellis„
1266 1051 1270 1064 .

400 1091 591 1189 Osmrlaquri
602 1104 769 1192 affligunt,
785 1105 864 1187 quia
874 1126 943 1170 non
957 1118 1004 1170 est
1018 1125 1102 1199 pura
1113 1109 1283 1188 voluptas:

296 1273 300 1280 ,
399 1211 441 1300 Et
451 1209 576 1298 stimuli
588 1213 741 1295 subsunt,
755 1211 814 1294 qui
828 1212 985 1300 instigant
996 1212 1126 1278 laedere
1137 1213 1176 1292 id
1189 1213 1319 1296 ipsum,

356 1329 358 1338 ’
399 1317 631 1402 Quodcunque
645 1329 705 1402 est,
719 1318 826 1384 rabies
838 1321 926 1384 unde
940 1317 1019 1418 illae
1028 1317 1178 1404 germina
1193 1325 1334 1406 turgent.

400 1426 465 1488 Sed
475 1427 592 1492 leviter
606 1449 729 1512 poenas
743 1428 864 1516 frangit
872 1431 985 1494 Venus
992 1427 1078 1493 inter
1089 1447 1254 1509 arnonem,
1321 1471 1329 1486 .

287 1553 291 1560 ·
399 1531 589 1614 Blandaque
601 1533 763 1598 refraenat
779 1553 905 1598 morsus
919 1531 1066 1604 admixta
1076 1532 1239 1614 voluptas.

440 1633 590 1716 Namque
599 1633 636 1698 in
647 1655 687 1700 eo
701 1655 774 1719 spes
788 1645 851 1719 est,
865 1637 954 1699 unde
969 1645 1017 1700 est
1031 1633 1157 1698 ardoris
1171 1633 1283 1719 origo,

400 1736 573 1824 Restingui
581 1759 813 1824 quoqueposse
821 1742 863 1804 ab
873 1743 990 1812 eodem
1000 1739 1142 1822 coqrord
1152 1739 1335 1810 [lammama

402 1843 502 1926 Quod
514 1839 589 1906 fieri
603 1852 717 1908 eontra
730 1864 841 1907 eoram
855 1854 972 1910 natura
980 1856 1164 1930 repugnat:
1187 1909 1190 1920 ,

329 1972 336 1983 ·
402 1949 541 2032 Unaque
554 1951 696 2014 roshaee
707 1959 769 2032 est,
786 1950 905 2038 quoius
915 1951 1137 2034 quoplurima
1152 1951 1326 2028 habemus,

401 2060 485 2122 Tam
498 2058 603 2146 magis
613 2040 752 2124 ardescit
762 2057 836 2120 dira
846 2058 1008 2142 cupedirie
1023 2067 1147 2141 peetus.
1281 2053 1353 2118 1086
1442 2049 1443 2072 ¹

400 2168 485 2230 Nam
497 2166 587 2230 cibus
599 2177 697 2248 atque
709 2167 831 2228 humor
840 2162 997 2228 membris
1011 2162 1195 2230 adsumitur
1208 2161 1317 2228 intus:

402 2273 497 2354 Quae
508 2271 666 2351 quoniam
681 2281 784 2334 certas
798 2279 934 2352 possunt
946 2270 1096 2344 obsidere
1110 2267 1246 2351 parteis,

401 2379 475 2440 Hoc
486 2377 583 2440 facile
593 2380 742 2461 expletur
753 2377 889 2442 laticum
906 2378 1106 2464 frugumque
1121 2375 1260 2458 cupido:

315 2509 317 2514 ·
368 2487 370 2490 ’
401 2481 452 2543 Ex
468 2479 612 2545 hominis
626 2500 705 2544 vero
721 2479 821 2562 facie,
838 2482 1045 2564 pulchroque
1060 2481 1191 2562 colore,

295 2587 297 2595 '
400 2587 458 2652 Nil
467 2589 563 2653 datur
572 2588 609 2652 in
623 2606 741 2670 eorpus
752 2596 882 2668 praeter
895 2589 1071 2653 simulacra
1084 2589 1285 2670 fruundum,

401 2691 545 2770 Tenuia3
563 2710 648 2772 quae
664 2699 763 2753 vento
774 2711 847 2773 spes
860 2702 956 2773 rapta
972 2701 1018 2755 est
1030 2711 1128 2776 saepe
1146 2692 1285 2756 misella.

402 2799 447 2862 Ut
456 2795 570 2860 bibere
580 2795 617 2859 iu
630 2794 752 2861 somnis
764 2793 986 2878 sitiensquom
999 2796 1144 2880 quaerit,
1162 2807 1194 2860 et
1205 2800 1325 2862 humor

400 2905 476 2968 Non
486 2905 599 2988 datur,
612 2906 765 2969 ardorem
780 2902 839 2986 qui
853 2903 1011 2984 membris
1022 2904 1191 2989 stinguere
1196 2905 1301 2988 possit
1306 2928 1317 2987 3
1333 2971 1339 2978 ,
1445 2953 1447 2980 t

403 3009 466 3099 Sed
476 3007 612 3086 laticum
622 3008 1254 3096 simulacrapetit‚frustraquelaborat,

401 3115 443 3176 In
456 3115 632 3199 medioque
641 3114 707 3179 sitit
726 3116 864 3184 torrenti
875 3117 1011 3186 flumine
1024 3128 1156 3200 potans:

402 3217 456 3280 Sic
468 3217 504 3280 in
517 3217 631 3293 amore
642 3222 755 3284 Venus
766 3220 950 3286 simulacris
963 3221 1048 3284 ludit
1059 3221 1241 3302 amanteis3

196 3398 200 3408 ι
216 3394 220 3401 Δ
330 3390 332 3396 ,
402 3323 469 3384 Nec
481 3317 599 3386 satiare
615 3334 740 3404 queunt
753 3327 930 3410 speetando
945 3344 1083 3412 corpora
1098 3347 1229 3410 eoram,

403 3428 470 3490 Nec
480 3426 633 3520 manibus
644 3428 825 3512 quidquam
838 3429 957 3510 teneris
969 3433 1127 3494 abradere
1142 3431 1300 3500 membris
1325 3496 1329 3506 ,

402 3531 561 3614 Possunt,
571 3543 717 3622 errantes
730 3534 848 3598 incerti
865 3554 1002 3621 corpore
1017 3545 1097 3598 toto.

442 3635 612 3718 Denique,
625 3658 726 3726 quom
739 3631 895 3702 membris
910 3640 1046 3710 conlatis
1060 3643 1141 3704 flore
1150 3639 1307 3706 fruuntur

400 3741 539 3822 Aetatis,
553 3742 623 3832 iam
635 3729 736 3824 quom
745 3744 908 3830 praesagit
925 3746 1048 3832 gaudia
1062 3746 1199 3834 eorpus,
1234 3805 1237 3814 .

402 3849 508 3930 Atque
521 3847 558 3920 in
567 3868 607 3914 eo
618 3860 665 3914 est
674 3853 803 3940 Venus,
812 3862 850 3916 ut
860 3854 1041 3944 muliebria
1051 3868 1199 3944 conserat
1212 3878 1309 3938 arum
