3034 5114
389 446 935 562 cruentemus·
1050 468 1089 549 ⁶7
1193 539 1196 546 ¹

129 582 330 672 Dissimiles,
348 610 415 672 quo
427 595 626 673 quadratum
641 595 750 661 minus
762 617 861 664 omne
877 601 919 665 sit
931 611 1042 672 extra:

127 694 175 756 At
188 694 393 759 vuriirerum
409 697 597 782 impediunt
614 702 857 786 prohibentque
875 709 1016 796 colores,

127 801 209 884 Quo
222 801 334 866 minus
345 822 414 869 esse
428 824 498 880 uno
511 806 614 890 possit
628 827 680 872 res
700 817 767 872 totu
781 809 899 878 nitore.

168 905 258 970 Tum
275 927 394 992 porro,
410 930 497 991 quae
509 911 600 976 ducit
617 922 650 976 et
669 912 793 998 inlicit,
807 925 845 979 ut
863 917 1047 994 tribuamus

123 1008 306 1094 Principiis
322 1033 435 1076 rerum
450 1032 709 1100 nonnunquam,
728 1037 839 1101 ceusu,
856 1023 1004 1109 colores,

123 1113 275 1193 Occidis
293 1136 335 1179 ex
346 1116 428 1182 albis
440 1117 600 1199 quoniam
616 1139 683 1182 non
699 1122 775 1184 alba
788 1133 958 1210 creantur,

122 1221 211 1302 Nec,
224 1239 309 1301 quae
322 1219 419 1307 nigra
432 1222 559 1303 cluent,
573 1223 614 1286 de
627 1223 747 1310 nigris:
765 1225 823 1289 sed
838 1227 940 1308 toliis
950 1233 1002 1296 de.

123 1322 263 1410 Quippe
278 1323 400 1388 etenim
414 1325 519 1388 multo
532 1325 711 1408 proclivius
727 1328 917 1393 exorientur

122 1425 279 1492 Candida
293 1428 333 1490 de
347 1427 459 1509 nullo,
478 1443 579 1510 quem
589 1430 704 1522 nigro,
716 1441 793 1496 nata
807 1436 932 1514 colom

121 1535 194 1596 Aut
211 1532 279 1596 alio
293 1529 426 1612 quovis,
442 1529 502 1612 qui
515 1541 630 1595 contra
646 1542 773 1618 pugnet
785 1543 818 1596 et
828 1536 943 1600 obstet.

166 1640 355 1718 Praeterea,
369 1633 527 1718 quonlam
538 1645 707 1717 nequeunt
721 1631 876 1730 sineluee
884 1639 1011 1704 colores

121 1741 219 1823 Esse,
236 1738 391 1820 usquein
409 1740 517 1801 lucem
533 1739 690 1829 exsistupt
706 1738 890 1822 primordia
901 1761 1029 1824 rerum

121 1842 216 1908 Scire
227 1843 320 1925 licet,
343 1863 443 1924 quam
459 1842 526 1906 sint
538 1845 631 1906 nullo
647 1843 755 1906 relate
772 1843 893 1906 colore.

121 1945 243 2032 Qualis
258 1944 350 2008 enim
368 1946 472 2010 caecis
487 1946 607 2030 poterit
623 1949 715 2010 color
728 1965 798 2010 esse
811 1948 971 2031 tenebris,
1072 1950 1076 1968 '

123 2053 269 2115 Lumine
280 2050 340 2133 qui
356 2048 478 2134 inipso
491 2059 653 2132 mutatur,
673 2059 847 2134 propterea
863 2056 969 2136 quod,
1024 2077 1083 2146 799
1124 2091 1147 2143 .'

123 2157 225 2218 Recta
244 2163 303 2218 aut
318 2152 454 2234 obliqua
470 2173 641 2238 percussus
655 2157 744 2237 luce,
755 2150 917 2241 refulget?

121 2261 242 2323 Pluma
252 2259 485 2323 columborum
496 2276 563 2340 quo
575 2267 672 2342 pacto
685 2258 720 2320 in
737 2260 806 2322 sole
818 2259 965 2346 ridetur,

120 2366 222 2449 Quae
236 2363 297 2428 sita
311 2362 454 2426 cervices
471 2363 596 2426 oirom
613 2363 803 2446 collumque
815 2377 969 2432 coronate

119 2469 274 2549 Namque
286 2467 353 2530 alia
368 2466 419 2554 lu,
435 2467 485 2532 uti
498 2469 588 2532 claro
601 2467 643 2531 sit
654 2472 754 2533 rubra
771 2488 921 2554 pyropoj
948 2517 949 2520 κ

121 2575 293 2638 interdum
309 2573 454 2657 quodam
466 2591 562 2641 sensu
578 2574 630 2658 fit,
644 2577 694 2640 uti
711 2577 862 2642 videatur

120 2681 213 2743 Inter
231 2681 393 2744 curalium
408 2679 543 2746 virideis
561 2674 697 2748 miscere
714 2687 915 2773 smaragdos.
1001 2767 1005 2774 x

122 2787 303 2870 (laudaque
314 2786 468 2874 pavonis,
485 2788 578 2874 larga
592 2801 695 2869 quom
708 2790 782 2854 luce
798 2795 923 2875 repleta
943 2800 1007 2875 est,

125 2892 296 2958 Consimili
312 2903 416 2956 mutat
432 2893 560 2955 ratione
581 2896 721 2956 obvorsa
735 2896 871 2958 colores.
960 2943 963 2948 .
1049 2934 1058 2954 e

123 2997 193 3082 Qui
203 2998 357 3079 quoniam
375 2998 520 3080 quodam
533 2994 715 3082 gignuntur
729 2999 865 3063 luminis
878 2999 964 3084 icto,

120 3100 213 3168 Scire
222 3101 313 3186 licet,
325 3105 397 3168 sine
411 3121 451 3166 eo
470 3099 542 3165 fieri
556 3122 623 3164 non
633 3105 935 3186 posseputaudum.

160 3209 201 3272 Et
216 3209 375 3291 quoniam
391 3209 508 3295 plagae
521 3208 689 3289 quoddam
699 3227 804 3294 genus
814 3207 936 3292 excipit
951 3205 988 3272 in
999 3227 1035 3274 se
1104 3256 1106 3262 -

116 3316 268 3398 Popula,
283 3333 384 3396 quom
394 3313 517 3377 sentire
530 3313 675 3375 colorem
693 3311 813 3376 dicitur
834 3315 963 3397 album,

115 3423 226 3501 Atque
232 3420 332 3510 'aliud
344 3437 462 3503 porro,
474 3418 608 3504 nigrum
621 3437 738 3500 quom,
757 3429 789 3483 et
799 3430 922 3504 cetera,
938 3420 1051 3504 sentit3

114 3529 187 3590 Nec
200 3527 314 3608 refert,
330 3545 369 3589 ea
381 3539 466 3606 quae
476 3523 600 3611 tangis,
617 3533 684 3606 quo
699 3525 784 3589 forte
798 3529 909 3592 colore

115 3631 271 3696 Preeditu
280 3630 362 3714 sint,
381 3641 498 3693 verum
511 3617 604 3710 quali
619 3615 722 3718 magis
736 3637 814 3714 apta
826 3627 951 3719 ligura:

114 3733 210 3800 Scire
221 3733 317 3817 licet,
337 3733 387 3798 nil
399 3732 570 3817 principiis
585 3753 669 3817 opus
682 3755 751 3799 esse
769 3737 912 3825 colores,
989 3769 991 3774 ·

113 3839 183 3901 Sed
198 3836 300 3903 variis
315 3835 430 3908 tornis
444 3835 621 3909 vertuntur
631 3838 733 3904 edere
744 3847 859 3908 uetus.
