3034 5116
416 439 457 501 aa
614 435 682 498 nn
707 415 898 496 nnn‘urr
922 429 1139 531 urruns·
1212 447 1246 490 v.
1272 449 1340 508 171.

417 577 574 654 siminus
587 547 727 642 offendit
739 576 841 639 vitam
859 574 909 638 v'is
926 545 1062 637 horrida
1075 571 1149 654 teli,

311 731 313 736 ·
417 688 554 753 Ossibus
569 707 608 751 ac
619 685 730 748 nervis
743 682 910 764 disclusis,
925 681 1162 756 intus‘adacta3

416 798 459 862 At
472 807 582 859 tamen
593 791 778 873 insequitur
791 792 949 874 languor,
966 793 1137 867 terraeque
1152 786 1275 868 petitus

416 901 552 982 Suavis,
564 897 642 962 etin
654 905 740 960 terra
753 895 873 960 mentis
889 895 947 976 qui
959 893 1110 982 gignitur
1125 903 1249 971 aestus,

416 1009 653 1086 Interdumque
665 1003 759 1085 quasi
775 998 974 1088 exsurgendi
987 999 1113 1063 incerta
1125 1000 1286 1062 voluntas.

414 1115 504 1200 Ergo
517 1111 710 1195 corpoream
724 1117 877 1171 naturam
888 1105 993 1171 animi
1006 1126 1074 1170 csse
1089 1109 1221 1172 teresse
1237 1114 1308 1182 θεῖς

416 1217 593 1300 Corporeis
604 1214 763 1296 quoniam
778 1213 852 1280 telis
867 1213 1001 1293 ictuque
1017 1213 1155 1276 laborat.
1187 1247 1191 1256 ,

455 1325 487 1385 Is
502 1320 563 1384 tibi
577 1343 668 1386 nunc
681 1319 811 1382 animus
824 1317 915 1400 quali
926 1317 967 1382 sit
981 1337 1135 1400 corpore,
1148 1325 1180 1380 et
1197 1320 1289 1382 unde

416 1428 621 1511 Constituit,
642 1445 779 1515 pergam
789 1425 953 1489 rationem
968 1427 1104 1487 reddere
1122 1423 1226 1488 dictis

456 1532 626 1616 Principio
636 1549 705 1595 esse
715 1531 769 1594 aio
782 1529 995 1613 persubtilcm
1002 1577 1012 1612 ,
1029 1539 1128 1611 atque
1140 1530 1277 1592 minutis

341 1637 343 1644 '
415 1641 581 1718 Perquam
594 1635 786 1720 corporibus
803 1635 927 1698 factum
939 1643 1104 1698 constare:
1125 1633 1162 1697 id
1176 1631 1223 1697 ita
1234 1653 1323 1717 csse,

415 1739 520 1822 Hinc,
530 1739 607 1802 licet
617 1737 769 1802 advortas
780 1738 928 1801 animum
938 1747 994 1820 ,ut
1008 1757 1203 1821 pernoscere
1212 1737 1330 1820 possis.

324 1859 326 1867 ’
415 1845 472 1912 Nil
488 1847 571 1909 adeo
587 1843 660 1908 ficri
677 1844 776 1907 celeri
793 1841 921 1908 ratione
938 1844 1084 1926 videtur,
1114 1861 1120 1872 ·

416 1952 528 2033 Quam
546 1946 575 2012 si
589 1967 683 2012 mens
695 1945 772 2009 fieri
785 1945 958 2030 proponit,
972 1955 1002 2008 et
1017 1947 1150 2010 inchoat
1169 1945 1252 2029 ipsa.

418 2057 521 2121 Ocius
532 2077 613 2144 ergo
629 2053 776 2136 animus,
791 2063 891 2134 quam
904 2075 1002 2120 resse
1023 2053 1146 2138 perciet
1162 2055 1248 2135 ulla,

417 2162 504 2224 Ante
516 2163 629 2224 oculos
642 2177 784 2240 quorum
799 2157 834 2220 in
845 2166 980 2240 promtu
993 2163 1113 2218 natura
1122 2153 1268 2218 videtur.
1301 2205 1303 2212 .
1324 2159 1388 2234 186

416 2260 476 2343 At,
489 2262 579 2342 quod
590 2259 716 2326 mobile
729 2268 898 2340 tantopere
908 2266 971 2338 est,
989 2267 1140 2340 constare
1158 2257 1312 2326 rotundis

414 2369 582 2448 Pcrquaru
591 2363 772 2432 seminibus
790 2366 904 2442 debet,
923 2384 1152 2448 perquamque
1165 2363 1323 2430 minutist

264 2469 268 2477 ¹
327 2559 335 2570 Ι
368 2555 369 2560 ¹
414 2472 567 2538 Momine
578 2474 627 2537 uti
640 2492 745 2556 parvo
759 2471 885 2556 possint
897 2473 1042 2557 impuba
1058 2473 1208 2537 moraris
1239 2497 1242 2507 ·

304 2605 307 2610 ·
415 2582 567 2661 Namque
578 2587 730 2644 movetur
738 2599 839 2662 aqua,
852 2589 884 2642 at
896 2578 1029 2642 tantillb
1037 2579 1303 2662 mouriae'ilutat,

417 2683 551 2770 Quippe
566 2683 768 2748 volubilibus
783 2683 960 2767 parvisque
971 2695 1080 2749 mm
1092 2683 1217 2773 fidum·

416 2790 585 2852 utcontra
597 2788 705 2852 mellis
720 2789 922 2854 constantior
940 2800 987 2854 est
1004 2800 1138 2886 naturq,
1218 2780 1221 2788 '

416 2895 458 2957 Et
467 2892 557 2980 pigri
571 2895 684 2960 latices
694 2897 817 2984 magis,
835 2908 868 2962 ct
882 2899 1090 2962 cunctantior
1104 2907 1209 2963 actus:

415 2986 542 3064 Haerei
552 2999 643 3064 enim
651 2999 790 3070 intersc
802 3000 907 3089 magis
920 3001 1030 3066 omnis
1042 3003 1194 3067 materiai
1236 3082 1237 3089 ἵ

414 3101 536 3198 Copia3
556 3103 716 3171 nimirum
731 3103 810 3186 quia
828 3125 897 3174 non
911 3114 978 3170 tam
991 3105 1141 3170 laevibus
1151 3113 1255 3174 exstat

417 3204 636 3289 Corporibus,
648 3227 756 3291 neque
770 3219 837 3276 tam
851 3207 1028 3278 subtilibus
1041 3218 1139 3289 atque
1154 3209 1317 3275 rotundis.

414 3311 566 3392 Namque
576 3312 764 3395 papaveris,
777 3333 859 3376 aura
870 3320 976 3395 potest
991 3333 1148 3396 suspensa
1160 3305 1316 3396 ler'mque¹

310 3421 312 3432 '
416 3417 558 3501 Cogere,
569 3426 606 3482 ut
618 3419 660 3480 ab
673 3437 804 3482 summo
819 3416 879 3480 tibi
892 3417 1019 3486 dbiluat
1037 3420 1123 3484 altus
1140 3440 1296 3498 acervum

415 3528 458 3590 At
472 3535 587 3591 contra
602 3525 752 3610 lapidum
765 3525 964 3608 coniectum,
982 3527 1214 3615 spicarumque

304 3671 312 3689 χ
417 3636 515 3698 Nenu
528 3643 653 3718 potest:
677 3632 779 3734 igitur
792 3632 986 3715 parvissima
1001 3654 1141 3718 corpora
1153 3657 1216 3719 pro
1226 3657 1329 3718 quarn

300 3759 308 3775 ¹
417 3739 460 3806 Et
471 3738 655 3802 laevissima
669 3747 761 3819 sunt,
778 3738 826 3802 ita
840 3737 1023 3806 mobilitate
1036 3743 1198 3808 feruntur.

419 3847 462 3908 At
471 3855 601 3928 contra,
615 3859 832 3928 quascunque
843 3845 1042 3934 aragisclum
1055 3849 1204 3933 pondere
1215 3865 1345 3932 magno
