3134 5112
369 417 580 510 einen*
611 441 677 512 vr.
716 435 851 528 πῃ(
1018 451 1075 514 2³2

160 591 217 654 Eu
227 589 310 670 hece
319 588 466 655 eiusdem
477 609 610 682 quoque
624 588 739 678 magni
753 589 850 654 cause
861 590 1026 675 tremoris,

120 697 249 762 ventus
260 696 336 780 ubi',
351 706 450 780 utque
464 698 594 771 animae
607 697 716 763 subito
728 698 780 762 'vis
798 717 971 776 maxuma,
1020 762 1023 767 .

742 805 924 886 quaedam,
1008 857 1011 865 .

118 911 187 974 Aut
205 909 421 1008 exniruecus,
437 909 575 993 autipsn
592 910 709 974 tellure
727 917 857 990 coorta,

119 1018 161 1080 In
171 1019 245 1082 loce
255 1036 289 1082 se
303 1037 385 1082 cava
401 1019 499 1080 terrai
516 1015 673 1096 coniecit,
690 1013 804 1096 ibique
897 1032 904 1044 ·

119 1123 299 1206 Spelunoes
314 1122 401 1186 inter
417 1141 553 1208 magnas
566 1119 676 1184 fremit
688 1130 765 1183 ante
781 1121 942 1184 tumultu:

120 1231 405 1310 Voruahundaque
416 1236 581 1312 portatur3
596 1237 687 1311 post,
704 1226 805 1292 incita
815 1227 979 1311 quomvis

120 1333 291 1420 Exagitata
302 1334 390 1398 form
405 1331 607 1417 erumpitur,
618 1339 652 1395 et
665 1330 783 1414 simul,
799 1333 901 1395 altam

119 1437 304 1506 Diffindens
321 1449 457 1523 terram,
471 1461 629 1528 magnum
644 1438 820 1504 concinnat
835 1439 975 1504 hiatum·

119 1549 160 1610 In
172 1548 269 1632 Syria
284 1549 406 1614 Sidone
422 1550 512 1630 quod
526 1546 663 1630 accidit,
679 1547 785 1612 etfuit
797 1547 882 1636 Aegi

119 1651 160 1716 In
173 1655 418 1737 Peloponneso:
431 1675 511 1736 quas
524 1654 629 1717 exitus
641 1653 697 1746 hio
711 1653 836 1715 animai·

119 1761 290 1832 Disturhdt
301 1763 428 1844 urbeis,
440 1772 472 1827 et
482 1773 586 1826 terrae
601 1769 712 1826 motus
727 1763 871 1826 obortus·

119 1867 291 1948 Multaque
302 1876 471 1950 praeterea
479 1865 666 1929 oeciderunt
677 1864 823 1946 moenia,
839 1859 969 1950 magnis

119 1969 280 2055 Motibus,
289 1969 327 2036 in
338 1971 445 2050 terris3
460 1981 493 2035 et
504 1973 626 2034 multae
639 1991 699 2055 per
712 1990 805 2033 mure
818 1990 950 2052 pessum

119 2078 302 2141 subsedere
315 2077 383 2142 auis
392 2077 515 2160 pariter
529 2099 605 2142 oum
617 2077 745 2143 civibus
757 2080 864 2142 urbes·

120 2185 221 2267 Quod
233 2183 297 2247 nisi
308 2183 492 2267 porumpit,
503 2193 613 2249 tamen
624 2182 768 2268 impetus
777 2183 847 2266 ipse
860 2181 999 2262 animai,
1016 2179 1072 2262 592

121 2287 160 2347 Et
173 2287 244 2350 tera
256 2284 305 2350 vis
315 2285 421 2366 venti,
432 2307 492 2368 per
501 2287 618 2350 crebra
627 2287 791 2350 foramina
804 2298 909 2349 terrae
934 2295 938 2302 “
980 2352 982 2354 ,

122 2387 342 2472 Dispertitur,
351 2397 388 2450 ut
402 2390 535 2468 horror,
548 2399 580 2451 et
590 2386 711 2452 incutit
719 2390 798 2455 inde
810 2399 1000 2452 tremorem:

120 2488 236 2577 Frigus
245 2488 312 2572 uti,
326 2499 455 2556 nostros
463 2490 595 2574 penitus
608 2511 710 2582 quom
721 2490 860 2555 venitin
877 2501 984 2572 artos,

77 2637 79 2642 ·
120 2591 423 2674 concutit,invitos
433 2614 553 2680 cogens
565 2605 704 2660 tremere
713 2594 961 2678 atque-moveri.
1004 2627 1008 2636 ·

121 2695 266 2779 Ancipiti
277 2696 441 2780 trepidant
455 2698 558 2788 igitur
568 2709 693 2767 terrore
701 2721 763 2783 per
771 2699 900 2780 urbeis;

120 2808 219 2870 Tecta
232 2825 374 2890 superne
386 2807 518 2887 timent,
529 2816 679 2870 metuunt
690 2808 819 2872 inferne
829 2825 988 2872 cavernas

121 2908 235 2978 Terrai
247 2934 289 2978 ne
304 2912 460 2978 dissolvat
472 2915 594 2975 Natura
605 2897 757 2996 repente3

120 3020 191 3080 Neu
203 3017 357 3082 distracta
369 3037 466 3078 suum
480 3014 546 3077 late
558 3014 732 3097 dispandat
740 3014 887 3096 hiatum,

118 3121 225 3200 quue
236 3117 303 3182 suis
315 3118 450 3182 ooniusa
460 3116 540 3180 velit
552 3117 718 3199 complere
730 3113 844 3180 ruinis·
889 3196 892 3200 r

160 3224 322 3308 Proinde,
331 3225 411 3290 licet
419 3223 587 3306 quamvis,
598 3225 728 3288 eoelum
743 3231 929 3304 terramque
939 3229 1075 3304 reantur

120 3329 581 3412 Incorruptafore,aeternae
594 3325 878 3404 mandataSeluti3
906 3339 909 3342 ·

120 3435 275 3496 Attamen
289 3431 457 3496 interdum
467 3448 620 3512 praesens
629 3428 680 3492 viu
690 3427 761 3512 ipsa
775 3428 893 3512 pericli
997 3430 1001 3434 ’
1067 3431 1069 3438 ’

120 3540 272 3604 Subditat
281 3542 371 3604 hune
383 3538 570 3620 stimulum,
584 3539 727 3618 quadam
739 3539 781 3601 de
790 3546 897 3622 perte,
911 3534 1054 3625 timoris,

121 3652 171 3712 Ne
180 3647 320 3732 pedibus
331 3644 452 3730 raptim
465 3646 561 3710 tellus
572 3629 737 3708 subtracta
749 3644 873 3707 feratur

121 3759 162 3820 ln
175 3757 383 3838 barathrum,
397 3775 573 3835 rerumque
583 3762 738 3834 sequatur
752 3751 884 3834 prodita
896 3769 1027 3817 summa

31 3889 35 3902 ¹
123 3861 297 3945 Funditus,
311 3871 345 3928 et
356 3859 414 3926 fiat
427 3859 545 3926 muudi
557 3858 694 3942 oonfusa
705 3855 813 3922 ruina.
