3056 5126
473 423 847 506 'VITAA
1085 451 1130 503 xr

165 595 268 694 quod
288 591 517 692 Ana'xagmae
532 593 671 690 Physici
687 593 829 665 auditor
843 593 979 664 fuisset:
1001 611 1044 662 et
1057 591 1132 664 De-

161 709 389 784 mosthenem
409 706 533 792 illum,
560 729 672 797 quem
690 705 871 798 Longinus
885 703 1025 789 scribit,
1043 705 1135 801 ignis

160 817 289 904 instar,
313 837 458 907 eorum,
479 836 570 905 quos
586 813 722 906 afficere
736 815 841 898 velit,
865 813 1001 884 animos
1015 813 1132 885 incen·

143 929 246 999 ,dere
261 943 372 1020 atque
393 923 635 1011 inflammare,
660 939 760 992 tanto
781 923 951 992 maiorem
968 924 1129 1012 evasisse,

162 1037 266 1130 quod
281 1036 468 1104 Platonem
485 1034 521 1100 in
532 1029 721 1100 Academia
735 1031 782 1099 de
796 1030 903 1100 rebus
917 1057 936 1100 a
948 1055 1050 1103 sensu
1064 1056 1131 1124 po·

159 1146 276 1242 pulari
301 1143 446 1216 remotis
465 1140 709 1232 disputantem
734 1137 940 1210 audivisset:
966 1140 1012 1209 ita
1037 1140 1131 1210 arbi-

160 1271 258 1346 tror,
281 1281 365 1327 eum
388 1267 587 1338 oratorem,
604 1251 667 1342 qui
688 1249 845 1321 studiose
857 1249 1065 1320 Lucretium
1085 1253 1131 1322 le·

159 1373 240 1466 gat,
258 1369 376 1436 multo
391 1366 540 1435 maiores
555 1364 592 1432 in
606 1362 762 1433 dicendo
773 1363 909 1433 sonitus
924 1361 1128 1450 editurum,-

158 1482 354 1572 multoque
371 1475 619 1548 vehementius
640 1475 777 1544 animos
799 1473 1010 1545 auditorum
1028 1473 1129 1564 quasi

156 1609 425 1681 percussurum,
441 1601 497 1671 et,
509 1603 735 1676 quocunque
750 1584 862 1668 volet,
875 1582 1128 1675 impulsurum.

124 1690 128 1698 ’
156 1698 291 1788 Neque
317 1715 436 1766 tamen
467 1695 537 1764 hoc
563 1692 612 1762 ita
635 1691 749 1784 accipi
772 1695 906 1778 velim,
931 1691 1031 1784 quasi
1057 1692 1128 1762 hoc

157 1808 327 1892 sentiam,
345 1805 626 1899 disputationem
643 1805 688 1873 de
703 1803 860 1890 Atomis‚
887 1820 923 1872 et
941 1803 987 1874 de
1001 1798 1127 1872 earum
1212 1849 1215 1853 -

152 1917 393 1987 'concursione
414 1916 637 1999 fortuita2et
657 1913 703 1981 de
717 1937 837 1981 earum
854 1928 960 1983 motu
973 1912 1103 2002 triplici
1115 1923 1137 1996 ,¹
1183 1945 1185 1950 v

157 2041 195 2096 et
208 2024 381 2097 similibus
405 2025 527 2111 rebus,
548 2025 593 2093 ad
615 2025 840 2116 eloquentiae
860 2010 1125 2096 incrementum

156 2160 197 2206 ac
213 2135 361 2228 pondus
374 2135 636 2228 acquirendum
651 2137 781 2206 oratori
798 2134 1045 2228 profuturam:
1064 2135 1126 2205 sed
1187 2210 1188 2218 χ

155 2244 227 2314 hoc
250 2247 390 2332 sentio,
414 2248 484 2316 hoc
509 2243 611 2330 dica,
639 2243 795 2314 detracta
818 2260 997 2315 certorum
1017 2245 1127 2314 libro·
1162 2276 1165 2284 =

154 2375 235 2422 rum
253 2355 420 2440 materia,
440 2355 513 2424 eius
530 2353 731 2440 tractandae
746 2355 920 2424 rationem
941 2379 980 2423 ac
999 2355 1125 2451 figuras

156 2460 289 2530 oratori
310 2483 457 2557 magnos
477 2477 513 2530 et
538 2461 821 2532 uberes-fructus
846 2464 1028 2549 allaturas,
1048 2487 1125 2534 ma·

154 2591 304 2664 guoque
321 2568 538 2640 adiumento
549 2571 595 2640 ad
611 2572 856 2663 eloquentiam
872 2573 1042 2644 omnibus
1054 2570 1125 2640 suis

104 2723 107 2730 ,
153 2675 314 2770 partibus
327 2679 527 2749 absolutam
542 2679 820 2772 comparandam
830 2679 964 2752 futuras
973 2707 983 2767 3
1000 2699 1035 2751 et
1048 2705 1126 2750 ora·

155 2802 272 2858 torem
286 2789 331 2858 ab
346 2790 451 2860 huius
463 2792 636 2883 poematis
649 2793 804 2862 lectione
817 2791 1038 2886 profectum,
1053 2815 1127 2880 ora·

154 2898 295 2970 tionem
321 2899 573 2968 confecturum
597 2902 705 2996 longe
731 2903 984 2996 grandiorem,
1013 2903 1123 3000 magis

155 3029 342 3093 sonoram,
358 3007 466 3102 magis
486 3008 654 3094 arduam,
675 3027 710 3079 et
721 3015 916 3100 excelsam,
932 3013 1041 3108 magis
1058 3014 1124 3082 de·
1148 3091 1150 3102 Ι

153 3114 292 3205 nique,
320 3129 362 3184 ut
388 3115 435 3184 ita
454 3115 596 3202 dicam,
624 3133 870 3204 exstructam,-
884 3134 995 3208 atque
1018 3141 1129 3214 exag--

153 3237 319 3320 geratam.

201 3333 275 3405 Iam
297 3333 399 3425 quod
424 3333 521 3403 idem
548 3333 794 3438 Quintilianus
815 3325 887 3422 ait,
912 3336 1123 3407 Lucretium

155 3467 225 3514 esse
251 3443 455 3530 difficilem,
480 3444 572 3536 quid
598 3443 752 3530 diceret,
775 3444 803 3517 si
824 3445 876 3514 his
898 3448 1124 3541 temporibus

152 3568 256 3624 natus
274 3568 380 3640 esset,
400 3552 534 3646 quibus
552 3553 686 3624 acertis
704 3555 914 3627 hominibus
932 3558 981 3626 ita
997 3557 1123 3652 depra-
1227 3589 1231 3598 „

105 3735 108 3744 ,
154 3681 254 3735 vatus
278 3683 349 3753 est,
370 3682 411 3736 ut
430 3666 492 3738 iffi<
513 3667 587 3736 eius
605 3667 750 3759 pristina
767 3667 870 3740 facies
893 3688 1123 3768 agnoscatur„

155 3795 239 3842 cum
263 3795 299 3846 et
315 3779 422 3850 aetati
443 3778 600 3850 Lucretii
615 3804 728 3872 paene
741 3780 896 3869 vicinus,
916 3800 952 3853 et
968 3783 1123 3856 Lucretii

157 3889 371 3978 exemplaria
388 3890 524 3989 integra
540 3904 577 3962 et
593 3890 805 3981 emendata,
821 3909 884 3964 aut
901 3907 996 3965 certe
1011 3919 1123 3989 quam

472 4011 484 4046 r
662 4021 663 4028 ,
