3034 5116
336 427 539 495 elren
577 431 655 494 111.
694 446 727 495 v.
751 447 818 511 ψ.
857 453 873 504 ῃ
1018 441 1056 523 ⁸7

92 571 200 650 quue
209 567 309 634 situm
322 569 433 634 media
446 547 585 658 regione
598 570 634 633 in
648 571 791 653 pectoris
806 565 931 639 haeret.

91 667 160 738 Hic
173 675 313 738 exsultat
329 674 419 738 enim
427 695 532 758 pavor
541 693 580 740 ao
593 685 714 753 metus3
725 659 808 741 haec
819 680 893 743 loca
903 677 1030 748 circum

90 780 253 845 Laetitiae
264 783 426 846 mulcent:
446 775 502 846 hic
518 802 599 868 ergo
615 803 709 847 mens
724 785 920 870 animusque
929 801 988 868 est.

92 893 213 952 Cetera
225 906 302 972 pars
318 887 466 967 animae,
488 897 666 968 pertulum
678 888 790 953 dissita
801 910 938 974 corpus,

91 997 211 1078 Paret,
223 1003 256 1056 et
266 994 312 1055 ad·
321 1011 447 1056 numen
460 990 578 1058 mentis
596 1013 796 1075 momenque
807 1005 975 1059 movetur:
1078 1051 1079 1058 ,

91 1100 206 1179 quue
212 1095 283 1160 sibi
299 1097 408 1160 solum
420 1116 526 1178 perse
541 1095 640 1180 sapit,
658 1106 690 1160 et
702 1097 764 1160 sibi
779 1102 918 1186 gaudet,

94 1205 210 1288 Quom
220 1219 328 1281 neque
340 1219 392 1264 res
404 1198 569 1282 animam,
583 1220 690 1283 neque
701 1219 836 1286 corpus,
852 1213 1039 1270 commoret

630 1329 707 1376 una.

93 1415 137 1475 Et
149 1413 243 1494 quasi
254 1433 356 1495 quom
366 1423 481 1498 caput,
496 1424 553 1478 aut
566 1415 701 1497 oculus,
712 1423 857 1479 tentante
868 1417 1000 1500 dolore,
1037 1397 1040 1404 ’

93 1519 256 1587 Laeditur
269 1520 307 1586 in
319 1521 430 1602 nobis,
445 1539 514 1585 non
528 1519 620 1600 omni
635 1521 887 1586 concruciamur
934 1601 936 1608 Ι

95 1623 266 1710 Corpore:
280 1628 329 1692 sic
343 1629 474 1693 animus
485 1648 726 1711 nonnunquam
741 1629 885 1693 laeditur
897 1629 967 1714 ipse
975 1675 986 1712 ‚

94 1720 304 1812 Laetitiaque
314 1733 423 1818 viget,
435 1751 538 1814 quom
552 1745 659 1796 cetere
674 1753 750 1816 pars
763 1733 888 1796 animai

79 1908 82 1912 ,
94 1843 161 1906 Per
175 1841 326 1903 membra
341 1849 440 1921 atque
456 1850 544 1903 artus
558 1841 651 1908 nulla
664 1839 809 1902 novitate
821 1838 936 1902 cietur.

94 1930 236 2025 Verum,
246 1941 501 2006 ubivehementi
512 1941 616 2028 magis
625 1955 670 2004 est
684 1954 846 2006 commota
858 1953 945 2006 metu
957 1959 1059 2028 mens,
1109 2023 1111 2029 A

97 2050 294 2114 Consentire
303 2047 450 2114 animam
468 2059 569 2112 totam
582 2069 641 2132 per
651 2033 801 2112 membra
810 2047 979 2114 videmusz

97 2155 616 2237 Sudoresqueita,.polloremque
630 2153 783 2216 exsistere
799 2163 866 2244 toto
991 2155 1060 2217 <155

100 2263 264 2345 Corpore,
283 2271 315 2324 et
328 2260 469 2346 infringi
485 2259 651 2344 lingnam,
666 2278 847 2342 vocemque
865 2258 1005 2346 aboriri,

98 2369 252 2458 Caligare
271 2370 400 2450 oeulos,
420 2387 543 2430 sonere
553 2368 678 2451 aureis,
694 2369 861 2434 succidere
871 2383 971 2435 artus.

138 2473 292 2554 Denique
307 2473 481 2550 concidere
495 2493 536 2536 ex
551 2472 656 2536 animi
668 2484 792 2540 terrore
809 2476 961 2540 videmus

97 2583 205 2664 Saepe
212 2579 382 2642 homines:
396 2577 494 2666 facilc
505 2588 543 2641 ut·
552 2579 662 2660 quiris
672 2581 751 2645 hinc
766 2601 901 2647 noscere
911 2582 1031 2667 possit,
1137 2637 1146 2653 t

98 2689 175 2753 Esse
188 2669 336 2752 animam
349 2705 426 2750 cum
436 2683 549 2749 animo
560 2686 786 2766 coniunctam
801 2707 903 2772 quae,
923 2709 1025 2771 quom
1111 2735 1114 2741 .

213 2811 216 2818 ·
622 2792 734 2856 'animi
745 2791 780 2856 vi

102 2903 257 2964 Percussa
274 2911 335 2984 est,
351 2901 428 2963 exin
439 2917 563 2982 ‘corpus
575 2899 747 2980 propellit,
768 2907 800 2960 et
817 2897 883 2960 icit.

60 2988 65 2996 ¹
144 3007 235 3071 llaec
247 3009 362 3071 eadem
378 3005 462 3068 ratio
473 3016 629 3067 naturam
641 3001 746 3068 ammi
758 2997 859 3085 ‘atque
872 2999 996 3065 animai

102 3119 305 3200 Corporeum
319 3115 414 3178 docet
424 3125 509 3178 esse:
526 3111 585 3174 ubi
598 3111 688 3174 enim
696 3111 883 3192 propellere
894 3114 1060 3195 membra,

100 3211 284 3302 Concipere
293 3238 333 3282 ex
342 3236 460 3282 somno
473 3235 606 3300 corpus,
619 3224 816 3295 mutareque
826 3215 971 3296 voltum,

99 3329 209 3408 Atque
217 3321 386 3388 hominem
402 3335 506 3385 totum
517 3341 631 3408 regere
641 3339 682 3382 ae
695 3307 828 3382 vorsarc
841 3319 990 3382 videtur:
1044 3334 1047 3342 ’

98 3429 337 3518 (Quorum‘nil
353 3426 511 3492 fieri‘sine
529 3436 617 3488 tactu
634 3441 730 3508 posse
744 3423 912 3500 videmus3

99 3543 171 3604 Nec
182 3549 310 3602 tactum
315 3553 416 3620 porro
426 3534 497 3598 sine
507 3531 684 3616 corpore3)
698 3535 809 3594 nonne
818 3531 987 3595 fatendum
997 3540 1061 3616 est,

100 3650 401 3730 Corporea-notura
411 3641 560 3704 animum
574 3649 738 3720 constare,
748 3635 982 3716 animamque?

73 3767 77 3776 ·
145 3751 320 3812 Praeterea
328 3746 452 3829 pariter
465 3741 560 3828 fungi
574 3757 649 3804 cum
661 3759 814 3822 corpore,
833 3748 942 3802 etune
1064 3735 1067 3740 “

100 3850 300 3916 Consentire
310 3839 458 3914 animum
470 3846 569 3912 nobis
580 3845 773 3930 incorpore
789 3843 907 3912 cernis.
