3056 5126
382 393 586 459 menn
625 397 652 460 1.
691 403 814 478 unu
953 459 955 463 ⁴
1034 413 1075 474 ιιε

116 535 270 622 Undique
281 535 432 604 materies
444 539 599 620 quoniam
613 541 731 626 stipata
748 545 901 626 quiesset.

109 633 124 676 ·”
156 649 346 726 Praeterea,
362 643 511 726 quamvis
522 645 646 711 solidae
660 669 712 712 res
728 637 801 724 ¹esse
816 655 992 735 putentur,

115 755 204 820 Hinc
217 763 407 820 tumenesse
422 753 588 826 licetraro
601 776 677 818 cum
695 775 832 838 corpore
849 779 971 834 cernas.
1007 780 1010 785 ·
1061 759 1065 770 '

114 865 155 928 In
170 863 257 931 saxis
266 883 304 926 ac
314 861 480 946 speluncis
492 855 666 945 permanat
684 883 846 944 aquarum
946 951 947 956 Ἰ

113 969 429 1050 Liquidushunror‚
450 977 484 1036 et
497 965 656 1034 uberibus
674 969 753 1038 tleut
768 970 881 1036 omnia
896 973 1013 1059 guttis:

52 1121 55 1126 .
114 1074 270 1156 Dissupat
281 1070 318 1138 in
330 1090 450 1154 corpus
461 1090 531 1146 sese
547 1071 640 1140 cibus
654 1091 753 1140 omne
768 1073 995 1140 animantum:

25 1235 26 1239 ,
115 1183 273 1244 Crescunt
289 1179 439 1260 arbusta,
454 1187 489 1242 et
503 1179 588 1248 tetus
603 1177 640 1246 in
653 1187 802 1261 tempore
814 1179 976 1266 fundunt,
1102 1169 1104 1174 ’

113 1288 215 1372 Quod
232 1288 324 1352 cibus
339 1287 377 1352 in
389 1297 488 1372 totas,
501 1309 605 1368 usque
616 1289 658 1372 ab
668 1286 835 1354 radicibus
848 1287 942 1369 imis,

112 1394 177 1454 Per
196 1401 328 1458 truncos
347 1413 386 1460 ao
403 1414 464 1476 per
478 1410 587 1460 ramos
605 1387 803 1458 diffunditur
818 1377 964 1459 omneis?

70 1507 71 1510 ’
113 1495 203 1558 Inter
212 1506 323 1580 saepta
333 1505 448 1560 ,meant
465 1515 580 1578 voces,
594 1503 627 1559 et
639 1495 752 1560 clausa
769 1495 945 1559 domorum

111 1599 372 1670 Transtulitantr
391 1598 539 1686 rigidum
555 1607 728 1682 permanat
739 1598 845 1698 frigus
857 1602 901 1668 ad
917 1621 998 1666 ossa.

111 1708 227 1792 Quod,
240 1707 305 1780 nisi
315 1707 430 1780 inania
439 1709 523 1792 sint,
538 1729 605 1790 qua
620 1717 753 1792 possent
767 1729 905 1791 corpora
920 1731 1070 1794 quaeque

110 1807 282 1896 Transire,
296 1816 388 1884 haud
397 1817 467 1886 ulta
480 1813 553 1886 fieri
570 1815 698 1878 ratione
716 1814 856 1882 videres.

147 1921 323 2002 Denique,
344 1943 433 2006 quur
448 1921 530 2004 nlius
550 1919 623 1980 aliis
643 1926 806 1998 praestare
827 1918 978 1987 videmus
1055 1975 1057 1984 .

111 2023 262 2092 Pondere
281 2044 332 2088 res
346 2027 462 2106 rebus,
479 2019 584 2088 nihilo
601 2018 726 2099 maiore
741 2019 874 2108 figura?
1012 2035 1071 2096 350

110 2129 254 2210 Narn‚si
271 2129 464 2196 tantundem
474 2137 522 2192 est
535 2125 572 2196 in
585 2127 684 2195 lanae
700 2119 865 2214 glomere,
875 2145 1036 2213 quantum

20 2244 25 2253 ¹
111 2236 267 2320 Corporis
276 2235 311 2307 in
322 2237 462 2320 plumbo
475 2243 537 2316 ost,
556 2235 750 2298 tantundem
760 2238 905 2318 pendere
917 2259 979 2322 per
991 2253 1052 2322 est;

111 2343 266 2432 Corporis
282 2339 428 2406 officium
446 2350 495 2406 est
510 2341 669 2423 quoniam
690 2361 839 2423 premere
860 2346 973 2412 omnia

568 2492 570 2500 s
638 2450 812 2513 deorsum:

108 2559 232 2620 Contra
244 2565 355 2621 autem
367 2565 485 2623 natura
495 2564 608 2620 manet
620 2556 692 2620 sine
704 2558 983 2640 pondere‘imuis.
1131 2627 1134 2636 ,

108 2661 214 2748 Ergo,
227 2665 317 2744 quod
327 2681 486 2749 maguum
499 2671 679 2746 estusque,
696 2663 868 2746 leviusque
882 2663 1026 2752 videtur,

107 2765 275 2828 Nimirum
287 2769 362 2850 plus
379 2789 448 2832 esse
458 2767 524 2831 sibi
540 2767 685 2832 declarat
701 2767 825 2848 inanis3

110 2868 152 2926 At
171 2879 293 2942 contra,
300 2869 434 2952 gravius
449 2871 524 2949 plus
538 2868 574 2930 in
590 2890 624 2932 sc
638 2869 785 2950 corporis
797 2889 867 2932 esse

110 2969 265 3053 Dedicat,
286 2984 318 3036 ct
329 2975 436 3038 multo
454 2991 597 3040 uacuum
613 2971 723 3035 minus
734 2969 822 3040 initus
835 2974 967 3040 habere.

61 3063 66 3072 ’
149 3081 210 3144 Est
217 3077 319 3166 rgrtnr
329 3077 488 3160 nimirum
497 3075 549 3158 id,
564 3077 654 3164 quod
670 3075 797 3138 ratione
810 3077 920 3162 sagaci

22 3199 26 3206 '
97 3169 324 3274 Quaerimus,
337 3177 522 3254 admixtum
535 3189 648 3265 rebus3
668 3187 759 3267 quod
774 3187 878 3260 Inane
893 3181 1058 3260 uocemue.

150 3293 258 3375 Illud,
271 3291 308 3356 in
323 3290 375 3356 his
390 3295 489 3364 rebus
505 3313 548 3358 ne
566 3302 596 3358 te
618 3293 780 3366 deducere
800 3314 880 3360 vero

107 3394 231 3477 Possit,
245 3393 482 3474 quodquidam
502 3391 646 3478 fingunt,
664 3413 877 3476 praecurrere
892 3417 1013 3486 cogor..

109 3504 233 3566 Cedere
246 3500 462 3586 squamigeris
479 3499 590 3566 latices
610 3496 791 3566 nitentibus
810 3489 917 3584 aiuni,

105 3611 149 3671 'Et
161 3609 302 3690 liquidas
312 3610 442 3694 aperire
457 3608 541 3690 vias,
561 3604 639 3688 quia
652 3618 725 3690 post
741 3609 814 3680 loca
832 3610 934 3692 pisces

111 3714 291 3800 Linquent,
305 3737 372 3798 quo
383 3716 510 3800 possint
524 3718 676 3784 cedentes
693 3719 859 3786 confluere
873 3718 1001 3780 undae:

26 3907 30 3914 .
111 3813 165 3880 Sic
178 3819 255 3884 alias
275 3841 407 3903 quoquc
419 3840 472 3890 ros
488 3819 575 3888 inter
586 3840 620 3888 se
629 3839 724 3904 posse
741 3818 885 3901 moveri,
