3034 5114
444 431 485 494 sa
641 427 708 490 nn
734 409 1166 523 annuntiarunt
1239 442 1275 484 v.
1300 443 1370 503 171.

444 575 480 637 Si
491 568 601 646 minus
615 565 754 634 offendit
766 569 868 632 vitam
886 568 936 631 u'is
954 539 1090 631 horrida
1103 565 1177 648 teli,

444 680 581 745 Ossibus
596 699 636 742 ac
646 677 757 740 nervis
770 675 938 758 disclusis,
952 675 1050 738 intus
1059 674 1189 750 adacta;

436 790 485 852 ,Ar
499 799 609 850 tamen
620 785 805 866 insequitur
818 785 977 868 languor,
993 785 1165 860 terraeque
1180 780 1303 863 potitius
1340 829 1343 834 .

443 893 579 974 Suavis,
591 890 669 954 etin
682 899 767 952 terra
781 889 900 953 mentis
916 888 974 970 qui
986 887 1137 975 gignitur
1153 897 1277 965 aestus,

443 1001 680 1079 Interdumque
692 995 786 1079 quasi
802 993 1001 1081 exsurgendi
1015 992 1140 1057 incerta
1152 993 1315 1054 voluntas.

441 1107 531 1192 Ergo
544 1105 737 1188 corpoream
750 1111 904 1164 naturam
915 1098 1020 1163 animi
1033 1119 1101 1164 esse
1116 1103 1248 1166 becesse
1264 1108 1337 1177 estr

443 1209 620 1292 Corporeis
631 1207 790 1289 quoniam
805 1206 879 1272 telis
894 1206 1028 1286 ictuque
1045 1206 1182 1268 laborat.
1215 1241 1218 1250 ›

482 1316 514 1377 Is
529 1311 590 1376 tibi
604 1335 695 1378 nunc
708 1313 838 1375 animus
851 1311 942 1393 quali
953 1309 994 1374 sit
1009 1331 1162 1393 corpore,
1175 1319 1208 1373 et
1224 1314 1318 1376 unde

443 1421 648 1503 Cortstiterit,
669 1439 805 1508 pergam
816 1419 980 1482 rationem
995 1421 1131 1480 reddere
1149 1417 1253 1482 dictis.

483 1524 653 1608 Principio
663 1541 731 1588 esse
742 1524 797 1586 cio
809 1523 1039 1608 persubtilcrn,
1056 1534 1154 1605 atque
1167 1524 1306 1587 minutis

368 1629 370 1638 '
442 1633 608 1711 Perquam
620 1627 812 1711 corporibus
830 1627 954 1692 suctum
966 1637 1132 1692 constare:
1152 1627 1188 1690 id
1203 1627 1353 1712 itoesse,

442 1732 546 1814 Hinc,
557 1732 633 1795 licet
644 1731 796 1794 advortas
807 1731 955 1794 animum
964 1741 1022 1814 ,ut
1034 1751 1230 1815 pernoscere
1239 1731 1363 1814 possis.

442 1838 498 1904 Nil
514 1838 598 1901 adeo
607 1835 687 1901 fieri
704 1838 805 1901 celeri·
820 1835 948 1900 ratione
965 1837 1111 1920 videtur,
1140 1853 1147 1866 ·

443 1945 554 2026 Quam
573 1939 601 2005 si
616 1961 709 2005 mens
722 1939 797 2003 fieri
812 1938 984 2023 proponit,
998 1949 1029 2003 et
1044 1940 1177 2004 inchoat
1196 1940 1279 2023 ipsa.

444 2049 547 2113 Ocius
558 2070 639 2137 ergo
655 2047 803 2130 minus,
818 2057 918 2128 quam
931 2069 1029 2112 resse
1050 2047 1173 2131 perciet
1189 2049 1276 2130 ulla,

443 2155 530 2217 Ante
543 2155 655 2217 oculos
668 2173 811 2234 quorum
826 2151 1006 2235 inpromtu
1021 2157 1139 2211 natura
1149 2148 1295 2212 uidetuu
1356 2155 1425 2232 185
1515 2159 1516 2220 Τ

443 2253 502 2334 Ar,
515 2255 606 2335 quod
617 2253 742 2318 mobile
755 2262 925 2335 tantopere
934 2259 998 2331 est,
1016 2259 1167 2334 constare
1184 2252 1342 2321 rotunffis

440 2361 608 2440 Perquarn
618 2357 798 2424 seminibus
816 2361 931 2436 debet,
950 2377 1179 2441 perquamque
1192 2358 1355 2426 minutior

354 2550 361 2562 ,
394 2547 396 2552 ,
440 2463 654 2530 Memineuti
666 2485 771 2550 parvo
785 2465 912 2549 possint
923 2466 1068 2552 impulsa
1085 2467 1234 2532 moueri.x

442 2574 594 2653 Namque
604 2582 756 2637 movetur
765 2593 865 2655 aquo,
878 2583 910 2635 et
923 2572 1056 2636 tantillo
1063 2573 1213 2636 monrine'
1221 2575 1333 2658 flutat,

442 2675 577 2763 Quippe
592 2676 794 2742 volubilibus
810 2677 987 2760 parvisque
997 2689 1107 2743 creata
1119 2677 1243 2767 figuris.

442 2783 611 2845 Atoontra
624 2781 731 2846 mellis
746 2782 948 2848 constantior
967 2794 1013 2848 est
1031 2795 1164 2880 naturq,

442 2889 483 2950 Et
493 2887 582 2974 pigri
597 2889 711 2954 latices
720 2890 843 2977 magis,
861 2901 894 2956 et
908 2893 1116 2957 cunctantior
1131 2901 1235 2958 actus:

441 2978 1221 3082 Haeretenirnintersemugisomnismatcnai
1263 3075 1264 3084 ἵ

440 3095 562 3192 Copias
583 3096 742 3165 nimirum
757 3097 836 3180 quia
855 3119 923 3168 non
938 3108 1005 3166 tam
1018 3099 1167 3166 luevibus
1177 3108 1282 3170 exstat

442 3200 662 3283 Corporibus,
674 3222 782 3284 noque
796 3213 863 3268 tam
877 3202 1054 3272 subtilibus
1066 3212 1165 3284 atque
1180 3205 1345 3272 rotundis.

440 3304 593 3385 Namque
602 3306 790 3388 papaveris,
802 3327 886 3370 aura
896 3315 1003 3390 potest
1018 3328 1174 3392 suspensa
1187 3301 1344 3391 lev'uque'

336 3415 337 3428 ¹
442 3411 830 3493 Cogere,utahsu1umo
845 3411 905 3474 til-t
919 3411 1045 3478 diffluat
1063 3415 1149 3480 altus
1166 3435 1324 3494 acervus3

441 3520 484 3582 At
498 3528 613 3585 contra
628 3518 778 3602 lapidum
791 3520 991 3603 coniectum,
1008 3520 1240 3611 spicarumque

330 3665 337 3682 κ
444 3629 540 3690 Nenu
555 3635 678 3708 potest:
703 3626 805 3713 igitur
817 3626 1012 3709 parvissima
1027 3648 1167 3713 corpora
1179 3652 1242 3714 pro
1251 3653 1361 3713 quatu

326 3751 334 3766 ‘
443 3731 486 3797 Et
497 3729 681 3794 laevissima
695 3741 787 3813 sunt,
804 3731 852 3796 ita
866 3733 1050 3802 mobilitate
1062 3738 1223 3802 feruntur.

445 3839 488 3900 At
497 3848 627 3920 contra,
640 3851 858 3922 quaecunque
869 3841 977 3928 magis
985 3863 1068 3908 etun
1081 3845 1230 3927 pondere
1240 3861 1379 3927 magno
