<?xml version="1.0" encoding="UTF-8"?>
<!DOCTYPE html PUBLIC "-//W3C//DTD XHTML 1.0 Transitional//EN"
    "http://www.w3.org/TR/xhtml1/DTD/xhtml1-transitional.dtd">
<html xmlns="http://www.w3.org/1999/xhtml" xml:lang="en" lang="en">
 <head>
  <title>
</title>
<meta http-equiv="Content-Type" content="text/html;charset=utf-8" />
  <meta name='ocr-system' content='tesseract 3.04.00' />
  <meta name='ocr-capabilities' content='ocr_page ocr_carea ocr_par ocr_line ocrx_word'/>
</head>
<body>
  <div class='ocr_page' id='page_1' title='image "./dererumnaturali10carugoog_0263.png"; bbox 0 0 2940 5114; ppageno 0'>
   <div class='ocr_carea' id='block_1_1' title="bbox 458 401 1366 520">
    <p class='ocr_par' dir='ltr' id='par_1_1' title="bbox 458 401 1366 520">
     <span class='ocr_line' id='line_1_1' title="bbox 458 401 1366 520; baseline -0.008 -13"><span class='ocrx_word' id='word_1_1' title='bbox 458 459 518 519; x_wconf 59' lang='grc' dir='ltr'>ω</span> <span class='ocrx_word' id='word_1_2' title='bbox 653 443 934 520; x_wconf 76' lang='lat' dir='ltr'>urrunnu</span> <span class='ocrx_word' id='word_1_3' title='bbox 960 401 1180 506; x_wconf 75' lang='lat' dir='ltr'>risoris</span> <span class='ocrx_word' id='word_1_4' title='bbox 1272 453 1366 515; x_wconf 63' lang='lat' dir='ltr'>au.</span> 
     </span>
    </p>
   </div>
   <div class='ocr_carea' id='block_1_2' title="bbox 452 581 1219 781">
    <p class='ocr_par' dir='ltr' id='par_1_2' title="bbox 452 581 1219 781">
     <span class='ocr_line' id='line_1_2' title="bbox 455 581 1134 666; baseline -0.001 -20"><span class='ocrx_word' id='word_1_5' title='bbox 455 585 531 660; x_wconf 79' lang='lat' dir='ltr'>Non</span> <span class='ocrx_word' id='word_1_6' title='bbox 543 583 735 666; x_wconf 85' lang='lat' dir='ltr'>radii&#39;solis,</span> <span class='ocrx_word' id='word_1_7' title='bbox 751 603 811 648; x_wconf 90' lang='lat' dir='ltr'>nec</span> <span class='ocrx_word' id='word_1_8' title='bbox 824 582 935 647; x_wconf 83' lang='lat' dir='ltr'>lucida</span> <span class='ocrx_word' id='word_1_9' title='bbox 952 584 1018 644; x_wconf 86' lang='lat' dir='ltr'>tela</span> <span class='ocrx_word' id='word_1_10' title='bbox 1033 581 1134 665; x_wconf 83' lang='lat' dir='ltr'>diei„</span> 
     </span>
     <span class='ocr_line' id='line_1_3' title="bbox 452 686 1219 781; baseline -0.004 -29"><span class='ocrx_word' id='word_1_11' title='bbox 452 686 652 768; x_wconf 74' lang='lat' dir='ltr'>Discutiunt,</span> <span class='ocrx_word' id='word_1_12' title='bbox 669 689 726 750; x_wconf 87' lang='lat' dir='ltr'>sed</span> <span class='ocrx_word' id='word_1_13' title='bbox 741 696 879 750; x_wconf 84' lang='lat' dir='ltr'>naturae</span> <span class='ocrx_word' id='word_1_14' title='bbox 893 687 1034 781; x_wconf 85' lang='lat' dir='ltr'>species,</span> <span class='ocrx_word' id='word_1_15' title='bbox 1049 688 1219 769; x_wconf 78' lang='lat' dir='ltr'>ratioque:</span> 
     </span>
    </p>
   </div>
   <div class='ocr_carea' id='block_1_3' title="bbox 347 789 1298 877">
    <p class='ocr_par' dir='ltr' id='par_1_3' title="bbox 347 789 1298 877">
     <span class='ocr_line' id='line_1_4' title="bbox 347 789 1298 877; baseline 0.004 -27"><span class='ocrx_word' id='word_1_16' title='bbox 347 825 349 834; x_wconf 68' lang='lat'>,</span> <span class='ocrx_word' id='word_1_17' title='bbox 453 791 530 874; x_wconf 77' lang='lat' dir='ltr'>Quo</span> <span class='ocrx_word' id='word_1_18' title='bbox 546 790 651 876; x_wconf 80' lang='lat' dir='ltr'>magis</span> <span class='ocrx_word' id='word_1_19' title='bbox 667 789 835 873; x_wconf 84' lang='lat' dir='ltr'>inceptura</span> <span class='ocrx_word' id='word_1_20' title='bbox 850 811 989 877; x_wconf 81' lang='lat' dir='ltr'>pergam</span> <span class='ocrx_word' id='word_1_21' title='bbox 1007 801 1177 874; x_wconf 78' lang='lat' dir='ltr'>pertexere</span> <span class='ocrx_word' id='word_1_22' title='bbox 1191 789 1298 854; x_wconf 79' lang='lat' dir='ltr'>dictis·</span> 
     </span>
    </p>
   </div>
   <div class='ocr_carea' id='block_1_4' title="bbox 452 888 1268 1084">
    <p class='ocr_par' dir='ltr' id='par_1_4' title="bbox 452 888 1268 1084">
     <span class='ocr_line' id='line_1_5' title="bbox 494 888 1268 980; baseline 0.005 -22"><span class='ocrx_word' id='word_1_23' title='bbox 494 897 534 959; x_wconf 87' lang='lat' dir='ltr'>Et</span> <span class='ocrx_word' id='word_1_24' title='bbox 545 895 704 977; x_wconf 83' lang='lat' dir='ltr'>quoniam</span> <span class='ocrx_word' id='word_1_25' title='bbox 716 896 834 978; x_wconf 85' lang='lat' dir='ltr'>docui,</span> <span class='ocrx_word' id='word_1_26' title='bbox 849 898 966 962; x_wconf 89' lang='lat' dir='ltr'>mundi</span> <span class='ocrx_word' id='word_1_27' title='bbox 977 897 1130 961; x_wconf 86' lang='lat' dir='ltr'>mortalia</span> <span class='ocrx_word' id='word_1_28' title='bbox 1141 888 1268 980; x_wconf 80' lang='lat' dir='ltr'>&#39;templa</span> 
     </span>
     <span class='ocr_line' id='line_1_6' title="bbox 452 1000 1227 1084; baseline -0.005 -18"><span class='ocrx_word' id='word_1_29' title='bbox 452 1001 588 1083; x_wconf 49' lang='lat' dir='ltr'>Essem</span> <span class='ocrx_word' id='word_1_30' title='bbox 599 1000 713 1064; x_wconf 84' lang='lat' dir='ltr'>nativo</span> <span class='ocrx_word' id='word_1_31' title='bbox 726 1001 903 1066; x_wconf 74' lang='lat' dir='ltr'><strong>consistere</strong></span> <span class='ocrx_word' id='word_1_32' title='bbox 922 1019 1060 1084; x_wconf 88' lang='lat' dir='ltr'>corpore</span> <span class='ocrx_word' id='word_1_33' title='bbox 1078 1003 1227 1080; x_wconf 65' lang='lat' dir='ltr'>coelum,</span> 
     </span>
    </p>
   </div>
   <div class='ocr_carea' id='block_1_5' title="bbox 290 1104 1326 1297">
    <p class='ocr_par' dir='ltr' id='par_1_5' title="bbox 290 1104 1326 1297">
     <span class='ocr_line' id='line_1_7' title="bbox 338 1104 1315 1192; baseline -0.005 -19"><span class='ocrx_word' id='word_1_34' title='bbox 338 1108 345 1129; x_wconf 75' lang='lat'><em>¹</em></span> <span class='ocrx_word' id='word_1_35' title='bbox 454 1109 510 1192; x_wconf 87' lang='lat' dir='ltr'>Et,</span> <span class='ocrx_word' id='word_1_36' title='bbox 523 1125 740 1190; x_wconf 83' lang='lat' dir='ltr'>quaecunque</span> <span class='ocrx_word' id='word_1_37' title='bbox 752 1108 787 1171; x_wconf 86' lang='lat' dir='ltr'>in</span> <span class='ocrx_word' id='word_1_38' title='bbox 798 1128 838 1172; x_wconf 89' lang='lat' dir='ltr'>eo</span> <span class='ocrx_word' id='word_1_39' title='bbox 851 1107 950 1190; x_wconf 85' lang='lat' dir='ltr'>fiunt,</span> <span class='ocrx_word' id='word_1_40' title='bbox 962 1104 1100 1186; x_wconf 86' lang='lat' dir='ltr'>fierique</span> <span class='ocrx_word' id='word_1_41' title='bbox 1111 1125 1243 1170; x_wconf 76' lang='lat' dir='ltr'>necesse</span> <span class='ocrx_word' id='word_1_42' title='bbox 1252 1113 1315 1188; x_wconf 89' lang='lat' dir='ltr'>est,</span> 
     </span>
     <span class='ocr_line' id='line_1_8' title="bbox 290 1213 1326 1297; baseline -0.008 -15"><span class='ocrx_word' id='word_1_43' title='bbox 290 1285 293 1292; x_wconf 75' lang='grc'>,</span> <span class='ocrx_word' id='word_1_44' title='bbox 360 1225 363 1230; x_wconf 71' lang='lat'><strong><em>‘</em></strong></span> <span class='ocrx_word' id='word_1_45' title='bbox 454 1219 616 1297; x_wconf 84' lang='lat' dir='ltr'><strong>Pleraque</strong></span> <span class='ocrx_word' id='word_1_46' title='bbox 630 1215 778 1294; x_wconf 78' lang='lat' dir='ltr'>dissolvi3</span> <span class='ocrx_word' id='word_1_47' title='bbox 794 1237 879 1297; x_wconf 87' lang='lat' dir='ltr'>quae</span> <span class='ocrx_word' id='word_1_48' title='bbox 892 1224 1030 1297; x_wconf 88' lang='lat' dir='ltr'>restant,</span> <span class='ocrx_word' id='word_1_49' title='bbox 1047 1213 1196 1297; x_wconf 76' lang='lat' dir='ltr'>percipe,</span> <span class='ocrx_word' id='word_1_50' title='bbox 1207 1234 1326 1296; x_wconf 87' lang='lat' dir='ltr'>porro:</span> 
     </span>
    </p>
   </div>
   <div class='ocr_carea' id='block_1_6' title="bbox 429 1318 1399 1916">
    <p class='ocr_par' dir='ltr' id='par_1_6' title="bbox 454 1318 1399 1614">
     <span class='ocr_line' id='line_1_9' title="bbox 455 1318 1399 1404; baseline -0.003 -21"><span class='ocrx_word' id='word_1_51' title='bbox 455 1318 733 1404; x_wconf 70' lang='lat' dir='ltr'>Quandoquidem</span> <span class='ocrx_word' id='word_1_52' title='bbox 749 1319 849 1382; x_wconf 88' lang='lat' dir='ltr'>semel</span> <span class='ocrx_word' id='word_1_53' title='bbox 865 1318 1030 1404; x_wconf 81' lang='lat' dir='ltr'>insignem</span> <span class='ocrx_word' id='word_1_54' title='bbox 1049 1318 1270 1383; x_wconf 78' lang='lat' dir='ltr'><strong>conscendere</strong></span> <span class='ocrx_word' id='word_1_55' title='bbox 1280 1339 1399 1380; x_wconf 83' lang='lat' dir='ltr'>currum</span> 
     </span>
     <span class='ocr_line' id='line_1_10' title="bbox 455 1419 1298 1505; baseline -0.009 -15"><span class='ocrx_word' id='word_1_56' title='bbox 455 1425 640 1490; x_wconf 76' lang='lat' dir='ltr'><strong>Ventorum</strong></span> <span class='ocrx_word' id='word_1_57' title='bbox 655 1422 799 1486; x_wconf 84' lang='lat' dir='ltr'>excierat</span> <span class='ocrx_word' id='word_1_58' title='bbox 811 1431 961 1505; x_wconf 76' lang='lat' dir='ltr'>pacator,</span> <span class='ocrx_word' id='word_1_59' title='bbox 976 1430 1008 1483; x_wconf 90' lang='lat' dir='ltr'>et</span> <span class='ocrx_word' id='word_1_60' title='bbox 1024 1419 1137 1482; x_wconf 88' lang='lat' dir='ltr'>omnia</span> <span class='ocrx_word' id='word_1_61' title='bbox 1148 1441 1298 1502; x_wconf 88' lang='lat' dir='ltr'>rursum,</span> 
     </span>
     <span class='ocr_line' id='line_1_11' title="bbox 454 1525 1264 1614; baseline -0.005 -24"><span class='ocrx_word' id='word_1_62' title='bbox 454 1527 549 1614; x_wconf 76' lang='lat' dir='ltr'>Quae</span> <span class='ocrx_word' id='word_1_63' title='bbox 560 1528 723 1608; x_wconf 81' lang='lat' dir='ltr'>furerent,</span> <span class='ocrx_word' id='word_1_64' title='bbox 736 1525 803 1590; x_wconf 88' lang='lat' dir='ltr'>sint</span> <span class='ocrx_word' id='word_1_65' title='bbox 814 1527 945 1608; x_wconf 87' lang='lat' dir='ltr'>placato</span> <span class='ocrx_word' id='word_1_66' title='bbox 963 1543 1125 1589; x_wconf 83' lang='lat' dir='ltr'>convorsa</span> <span class='ocrx_word' id='word_1_67' title='bbox 1140 1525 1264 1588; x_wconf 83' lang='lat' dir='ltr'>furore.</span> 
     </span>
    </p>

    <p class='ocr_par' dir='ltr' id='par_1_7' title="bbox 429 1629 1332 1916">
     <span class='ocr_line' id='line_1_12' title="bbox 429 1629 1300 1718; baseline -0.005 -22"><span class='ocrx_word' id='word_1_68' title='bbox 429 1663 435 1676; x_wconf 92' lang='lat'><strong>·</strong></span> <span class='ocrx_word' id='word_1_69' title='bbox 497 1637 627 1715; x_wconf 87' lang='lat' dir='ltr'>Cetera,</span> <span class='ocrx_word' id='word_1_70' title='bbox 646 1629 816 1714; x_wconf 81' lang='lat' dir='ltr'>quae&#39;fieri</span> <span class='ocrx_word' id='word_1_71' title='bbox 828 1630 866 1694; x_wconf 88' lang='lat' dir='ltr'>in</span> <span class='ocrx_word' id='word_1_72' title='bbox 882 1629 975 1694; x_wconf 70' lang='lat' dir='ltr'>terris</span> <span class='ocrx_word' id='word_1_73' title='bbox 990 1632 1150 1718; x_wconf 87' lang='lat' dir='ltr'>coeloque</span> <span class='ocrx_word' id='word_1_74' title='bbox 1164 1637 1300 1693; x_wconf 88' lang='lat' dir='ltr'>tuentur</span> 
     </span>
     <span class='ocr_line' id='line_1_13' title="bbox 451 1731 1332 1819; baseline -0.005 -18"><span class='ocrx_word' id='word_1_75' title='bbox 451 1732 772 1819; x_wconf 81' lang='lat' dir='ltr'>&#39;Mortales,&#39;pavidis</span> <span class='ocrx_word' id='word_1_76' title='bbox 786 1753 887 1815; x_wconf 89' lang='lat' dir='ltr'>quom</span> <span class='ocrx_word' id='word_1_77' title='bbox 900 1734 1045 1815; x_wconf 89' lang='lat' dir='ltr'>pendent</span> <span class='ocrx_word' id='word_1_78' title='bbox 1055 1731 1332 1816; x_wconf 85' lang='lat' dir='ltr'>mentibu&#39;saepe,</span> 
     </span>
     <span class='ocr_line' id='line_1_14' title="bbox 454 1831 1265 1916; baseline -0.01 -12"><span class='ocrx_word' id='word_1_79' title='bbox 454 1836 609 1904; x_wconf 86' lang='lat' dir='ltr'>Efficiunt</span> <span class='ocrx_word' id='word_1_80' title='bbox 620 1835 749 1900; x_wconf 88' lang='lat' dir='ltr'>animos</span> <span class='ocrx_word' id='word_1_81' title='bbox 760 1833 915 1906; x_wconf 82' lang='lat' dir='ltr'>humileis</span> <span class='ocrx_word' id='word_1_82' title='bbox 933 1831 1113 1898; x_wconf 87' lang='lat' dir='ltr'>formidine</span> <span class='ocrx_word' id='word_1_83' title='bbox 1125 1834 1265 1916; x_wconf 85' lang='lat' dir='ltr'>Divom,</span> 
     </span>
    </p>
   </div>
   <div class='ocr_carea' id='block_1_7' title="bbox 303 1943 1353 2027">
    <p class='ocr_par' dir='ltr' id='par_1_8' title="bbox 303 1943 1353 2027">
     <span class='ocr_line' id='line_1_15' title="bbox 303 1943 1353 2027; baseline 0.008 -29"><span class='ocrx_word' id='word_1_84' title='bbox 303 1983 310 1998; x_wconf 91' lang='lat'>.</span> <span class='ocrx_word' id='word_1_85' title='bbox 371 1947 376 1962; x_wconf 83' lang='grc'><strong><em>’</em></strong></span> <span class='ocrx_word' id='word_1_86' title='bbox 437 1945 697 2027; x_wconf 72' lang='lat' dir='ltr'>,Depressosque</span> <span class='ocrx_word' id='word_1_87' title='bbox 708 1950 864 2025; x_wconf 89' lang='lat' dir='ltr'>premunt</span> <span class='ocrx_word' id='word_1_88' title='bbox 873 1943 917 2004; x_wconf 89' lang='lat' dir='ltr'>ad</span> <span class='ocrx_word' id='word_1_89' title='bbox 928 1950 1252 2023; x_wconf 72' lang='lat' dir='ltr'>terram5propterea</span> <span class='ocrx_word' id='word_1_90' title='bbox 1265 1944 1353 2024; x_wconf 80' lang='lat' dir='ltr'>quod</span> 
     </span>
    </p>
   </div>
   <div class='ocr_carea' id='block_1_8' title="bbox 372 2048 1400 3941">
    <p class='ocr_par' dir='ltr' id='par_1_9' title="bbox 435 2048 1400 3095">
     <span class='ocr_line' id='line_1_16' title="bbox 435 2048 1154 2135; baseline -0.006 -21"><span class='ocrx_word' id='word_1_91' title='bbox 435 2087 439 2095; x_wconf 46' lang='lat' dir='ltr'><em>s</em></span> <span class='ocrx_word' id='word_1_92' title='bbox 454 2049 646 2135; x_wconf 74' lang='lat' dir='ltr'>ignorantia</span> <span class='ocrx_word' id='word_1_93' title='bbox 664 2069 837 2113; x_wconf 86' lang='lat' dir='ltr'>causarum</span> <span class='ocrx_word' id='word_1_94' title='bbox 849 2048 997 2112; x_wconf 84' lang='lat' dir='ltr'>conferre</span> <span class='ocrx_word' id='word_1_95' title='bbox 1007 2049 1154 2110; x_wconf 83' lang='lat' dir='ltr'>Deorum</span> 
     </span>
     <span class='ocr_line' id='line_1_17' title="bbox 457 2154 1400 2242; baseline 0 -24"><span class='ocrx_word' id='word_1_96' title='bbox 457 2155 554 2242; x_wconf 87' lang='lat' dir='ltr'>Cogit</span> <span class='ocrx_word' id='word_1_97' title='bbox 567 2159 610 2219; x_wconf 89' lang='lat' dir='ltr'>ad</span> <span class='ocrx_word' id='word_1_98' title='bbox 620 2154 798 2241; x_wconf 85' lang='lat' dir='ltr'>imperium</span> <span class='ocrx_word' id='word_1_99' title='bbox 810 2177 877 2239; x_wconf 88' lang='lat' dir='ltr'>res,</span> <span class='ocrx_word' id='word_1_100' title='bbox 894 2166 926 2219; x_wconf 91' lang='lat' dir='ltr'>et</span> <span class='ocrx_word' id='word_1_101' title='bbox 941 2155 1120 2218; x_wconf 83' lang='lat' dir='ltr'>concedere</span> <span class='ocrx_word' id='word_1_102' title='bbox 1132 2175 1293 2240; x_wconf 83' lang='lat' dir='ltr'>regnum:</span> <span class='ocrx_word' id='word_1_103' title='bbox 1370 2157 1400 2219; x_wconf 80' lang='lat'>55</span> 
     </span>
     <span class='ocr_line' id='line_1_18' title="bbox 456 2262 1251 2348; baseline 0.004 -23"><span class='ocrx_word' id='word_1_104' title='bbox 456 2267 610 2348; x_wconf 74' lang='lat' dir='ltr'>Quorum</span> <span class='ocrx_word' id='word_1_105' title='bbox 618 2283 759 2348; x_wconf 65' lang='lat' dir='ltr'>operum,</span> <span class='ocrx_word' id='word_1_106' title='bbox 768 2285 884 2328; x_wconf 84' lang='lat' dir='ltr'>causas</span> <span class='ocrx_word' id='word_1_107' title='bbox 897 2266 988 2328; x_wconf 88' lang='lat' dir='ltr'>nulla</span> <span class='ocrx_word' id='word_1_108' title='bbox 998 2262 1125 2328; x_wconf 85' lang='lat' dir='ltr'>ratione</span> <span class='ocrx_word' id='word_1_109' title='bbox 1137 2263 1251 2328; x_wconf 88' lang='lat' dir='ltr'>videre</span> 
     </span>
     <span class='ocr_line' id='line_1_19' title="bbox 454 2365 1166 2446; baseline 0.006 -18"><span class='ocrx_word' id='word_1_110' title='bbox 454 2366 662 2446; x_wconf 78' lang='lat' dir='ltr'>Possunt,ac</span> <span class='ocrx_word' id='word_1_111' title='bbox 674 2365 747 2429; x_wconf 84' lang='lat' dir='ltr'>fieri</span> <span class='ocrx_word' id='word_1_112' title='bbox 756 2367 871 2430; x_wconf 85' lang='lat' dir='ltr'>divino</span> <span class='ocrx_word' id='word_1_113' title='bbox 887 2367 1025 2432; x_wconf 79' lang='lat' dir='ltr'>nurnine</span> <span class='ocrx_word' id='word_1_114' title='bbox 1042 2378 1166 2432; x_wconf 77' lang='lat' dir='ltr'>renmr.</span> 
     </span>
     <span class='ocr_line' id='line_1_20' title="bbox 455 2467 1399 2563; baseline 0.012 -33"><span class='ocrx_word' id='word_1_115' title='bbox 455 2467 557 2552; x_wconf 85' lang='lat' dir='ltr'>Nam,</span> <span class='ocrx_word' id='word_1_116' title='bbox 571 2471 657 2533; x_wconf 89' lang='lat' dir='ltr'>hene</span> <span class='ocrx_word' id='word_1_117' title='bbox 668 2471 727 2552; x_wconf 88' lang='lat' dir='ltr'>qui</span> <span class='ocrx_word' id='word_1_118' title='bbox 738 2471 896 2554; x_wconf 85' lang='lat' dir='ltr'>didicere,</span> <span class='ocrx_word' id='word_1_119' title='bbox 910 2475 996 2536; x_wconf 87' lang='lat' dir='ltr'>Deos</span> <span class='ocrx_word' id='word_1_120' title='bbox 1006 2495 1158 2539; x_wconf 85' lang='lat' dir='ltr'>securum</span> <span class='ocrx_word' id='word_1_121' title='bbox 1168 2497 1267 2563; x_wconf 83' lang='lat' dir='ltr'>agere</span> <span class='ocrx_word' id='word_1_122' title='bbox 1279 2496 1399 2560; x_wconf 83' lang='lat' dir='ltr'>aevom,</span> 
     </span>
     <span class='ocr_line' id='line_1_21' title="bbox 456 2573 1172 2659; baseline 0.013 -22"><span class='ocrx_word' id='word_1_123' title='bbox 456 2575 492 2638; x_wconf 80' lang='lat' dir='ltr'>Si</span> <span class='ocrx_word' id='word_1_124' title='bbox 509 2583 620 2638; x_wconf 83' lang='lat' dir='ltr'>tamen</span> <span class='ocrx_word' id='word_1_125' title='bbox 637 2573 762 2640; x_wconf 86' lang='lat' dir='ltr'>interea</span> <span class='ocrx_word' id='word_1_126' title='bbox 773 2575 951 2659; x_wconf 85' lang='lat' dir='ltr'>mirantur,</span> <span class='ocrx_word' id='word_1_127' title='bbox 964 2599 1030 2658; x_wconf 90' lang='lat' dir='ltr'>qua</span> <span class='ocrx_word' id='word_1_128' title='bbox 1043 2576 1172 2646; x_wconf 85' lang='lat' dir='ltr'>ratione</span> 
     </span>
     <span class='ocr_line' id='line_1_22' title="bbox 456 2681 1299 2772; baseline 0.009 -28"><span class='ocrx_word' id='word_1_129' title='bbox 456 2687 616 2772; x_wconf 76' lang='lat' dir='ltr'>Quaeque</span> <span class='ocrx_word' id='word_1_130' title='bbox 625 2681 698 2766; x_wconf 83' lang='lat' dir='ltr'>geri</span> <span class='ocrx_word' id='word_1_131' title='bbox 706 2682 846 2766; x_wconf 75' lang='lat' dir='ltr'>possint,</span> <span class='ocrx_word' id='word_1_132' title='bbox 859 2683 1050 2767; x_wconf 87' lang='lat' dir='ltr'>praesertim</span> <span class='ocrx_word' id='word_1_133' title='bbox 1060 2687 1158 2751; x_wconf 85' lang='lat' dir='ltr'>rebus</span> <span class='ocrx_word' id='word_1_134' title='bbox 1167 2685 1203 2750; x_wconf 92' lang='lat' dir='ltr'>in</span> <span class='ocrx_word' id='word_1_135' title='bbox 1211 2686 1299 2772; x_wconf 88' lang='lat' dir='ltr'>illis,</span> 
     </span>
     <span class='ocr_line' id='line_1_23' title="bbox 456 2795 1279 2885; baseline 0 -24"><span class='ocrx_word' id='word_1_136' title='bbox 456 2803 551 2885; x_wconf 78' lang='lat' dir='ltr'>Quae</span> <span class='ocrx_word' id='word_1_137' title='bbox 566 2816 666 2882; x_wconf 85' lang='lat' dir='ltr'>supra</span> <span class='ocrx_word' id='word_1_138' title='bbox 677 2808 776 2883; x_wconf 82' lang='lat' dir='ltr'>caput</span> <span class='ocrx_word' id='word_1_139' title='bbox 786 2797 939 2860; x_wconf 84' lang='lat' dir='ltr'>aetheriis</span> <span class='ocrx_word' id='word_1_140' title='bbox 951 2795 1131 2862; x_wconf 84' lang='lat' dir='ltr'>cernuntur</span> <span class='ocrx_word' id='word_1_141' title='bbox 1144 2797 1182 2860; x_wconf 92' lang='lat' dir='ltr'>in</span> <span class='ocrx_word' id='word_1_142' title='bbox 1196 2797 1279 2882; x_wconf 84' lang='lat' dir='ltr'>oris,</span> 
     </span>
     <span class='ocr_line' id='line_1_24' title="bbox 454 2902 1195 2991; baseline 0.003 -24"><span class='ocrx_word' id='word_1_143' title='bbox 454 2905 581 2991; x_wconf 82' lang='lat' dir='ltr'>Rursus</span> <span class='ocrx_word' id='word_1_144' title='bbox 592 2903 630 2967; x_wconf 87' lang='lat' dir='ltr'>in</span> <span class='ocrx_word' id='word_1_145' title='bbox 641 2904 791 2985; x_wconf 85' lang='lat' dir='ltr'>antiquas</span> <span class='ocrx_word' id='word_1_146' title='bbox 802 2903 988 2966; x_wconf 86' lang='lat' dir='ltr'>referuntur</span> <span class='ocrx_word' id='word_1_147' title='bbox 1000 2902 1195 2989; x_wconf 81' lang='lat' dir='ltr'>religiones,</span> 
     </span>
     <span class='ocr_line' id='line_1_25' title="bbox 455 3001 1219 3095; baseline 0.004 -24"><span class='ocrx_word' id='word_1_148' title='bbox 455 3010 497 3071; x_wconf 90' lang='lat' dir='ltr'>Et</span> <span class='ocrx_word' id='word_1_149' title='bbox 509 3007 661 3094; x_wconf 76' lang='lat' dir='ltr'>dominos</span> <span class='ocrx_word' id='word_1_150' title='bbox 672 3008 775 3072; x_wconf 86' lang='lat' dir='ltr'>aereis</span> <span class='ocrx_word' id='word_1_151' title='bbox 785 3001 984 3092; x_wconf 85' lang='lat' dir='ltr'>adsciscunt,</span> <span class='ocrx_word' id='word_1_152' title='bbox 998 3010 1111 3074; x_wconf 87' lang='lat' dir='ltr'>omnia</span> <span class='ocrx_word' id='word_1_153' title='bbox 1123 3031 1219 3095; x_wconf 81' lang='lat' dir='ltr'>posse</span> 
     </span>
    </p>

    <p class='ocr_par' dir='ltr' id='par_1_10' title="bbox 456 3111 1322 3204">
     <span class='ocr_line' id='line_1_26' title="bbox 456 3111 1322 3204; baseline 0.006 -28"><span class='ocrx_word' id='word_1_154' title='bbox 456 3116 548 3199; x_wconf 75' lang='lat' dir='ltr'>Quos</span> <span class='ocrx_word' id='word_1_155' title='bbox 557 3111 672 3204; x_wconf 74' lang='lat' dir='ltr'>miseri</span> <span class='ocrx_word' id='word_1_156' title='bbox 682 3117 835 3193; x_wconf 81' lang='lat' dir='ltr'>credunt3</span> <span class='ocrx_word' id='word_1_157' title='bbox 848 3115 962 3202; x_wconf 80' lang='lat' dir='ltr'>ignari.</span> <span class='ocrx_word' id='word_1_158' title='bbox 972 3115 1052 3197; x_wconf 88' lang='lat' dir='ltr'>quid</span> <span class='ocrx_word' id='word_1_159' title='bbox 1064 3127 1162 3198; x_wconf 84' lang='lat' dir='ltr'>queat</span> <span class='ocrx_word' id='word_1_160' title='bbox 1172 3137 1257 3200; x_wconf 85' lang='lat' dir='ltr'>csse,</span> <span class='ocrx_word' id='word_1_161' title='bbox 1317 3157 1322 3172; x_wconf 61' lang='grc' dir='ltr'><em>ι</em></span> 
     </span>
    </p>

    <p class='ocr_par' dir='ltr' id='par_1_11' title="bbox 372 3189 1357 3516">
     <span class='ocr_line' id='line_1_27' title="bbox 409 3189 1282 3302; baseline 0.01 -27"><span class='ocrx_word' id='word_1_162' title='bbox 409 3189 412 3217; x_wconf 62' lang='lat'>⁸</span> <span class='ocrx_word' id='word_1_163' title='bbox 447 3211 548 3300; x_wconf 61' lang='lat' dir='ltr'>‘Quid</span> <span class='ocrx_word' id='word_1_164' title='bbox 557 3226 713 3298; x_wconf 78' lang='lat' dir='ltr'>nequeat3</span> <span class='ocrx_word' id='word_1_165' title='bbox 726 3215 819 3280; x_wconf 79' lang='lat' dir='ltr'>finita</span> <span class='ocrx_word' id='word_1_166' title='bbox 830 3229 971 3301; x_wconf 84' lang='lat' dir='ltr'>potestas</span> <span class='ocrx_word' id='word_1_167' title='bbox 981 3220 1124 3301; x_wconf 89' lang='lat' dir='ltr'>denique</span> <span class='ocrx_word' id='word_1_168' title='bbox 1134 3220 1282 3302; x_wconf 86' lang='lat' dir='ltr'>quoique</span> 
     </span>
     <span class='ocr_line' id='line_1_28' title="bbox 372 3325 1357 3409; baseline 0.011 -24"><span class='ocrx_word' id='word_1_169' title='bbox 372 3355 374 3366; x_wconf 92' lang='lat'><em>·</em></span> <span class='ocrx_word' id='word_1_170' title='bbox 433 3333 434 3339; x_wconf 78' lang='grc'>’</span> <span class='ocrx_word' id='word_1_171' title='bbox 456 3325 612 3407; x_wconf 78' lang='lat' dir='ltr'>Quanam</span> <span class='ocrx_word' id='word_1_172' title='bbox 626 3325 670 3389; x_wconf 88' lang='lat' dir='ltr'>sit</span> <span class='ocrx_word' id='word_1_173' title='bbox 678 3326 822 3409; x_wconf 86' lang='lat' dir='ltr'>ratione,</span> <span class='ocrx_word' id='word_1_174' title='bbox 838 3337 935 3408; x_wconf 88' lang='lat' dir='ltr'>atque</span> <span class='ocrx_word' id='word_1_175' title='bbox 949 3329 1015 3392; x_wconf 89' lang='lat' dir='ltr'>alte</span> <span class='ocrx_word' id='word_1_176' title='bbox 1026 3330 1183 3394; x_wconf 86' lang='lat' dir='ltr'>terminus</span> <span class='ocrx_word' id='word_1_177' title='bbox 1196 3333 1357 3399; x_wconf 87' lang='lat' dir='ltr'>haerens:</span> 
     </span>
     <span class='ocr_line' id='line_1_29' title="bbox 455 3427 1240 3516; baseline 0.011 -27"><span class='ocrx_word' id='word_1_178' title='bbox 455 3428 532 3510; x_wconf 79' lang='lat' dir='ltr'>Quo</span> <span class='ocrx_word' id='word_1_179' title='bbox 547 3427 653 3516; x_wconf 86' lang='lat' dir='ltr'>magis</span> <span class='ocrx_word' id='word_1_180' title='bbox 667 3440 811 3493; x_wconf 88' lang='lat' dir='ltr'>errantes</span> <span class='ocrx_word' id='word_1_181' title='bbox 826 3449 921 3494; x_wconf 88' lang='lat' dir='ltr'>caeca</span> <span class='ocrx_word' id='word_1_182' title='bbox 937 3433 1063 3500; x_wconf 86' lang='lat' dir='ltr'>ratione</span> <span class='ocrx_word' id='word_1_183' title='bbox 1078 3435 1240 3500; x_wconf 86' lang='lat' dir='ltr'>feruntur.</span> 
     </span>
    </p>

    <p class='ocr_par' dir='ltr' id='par_1_12' title="bbox 454 3519 1371 3941">
     <span class='ocr_line' id='line_1_30' title="bbox 496 3519 1371 3628; baseline 0.017 -35"><span class='ocrx_word' id='word_1_184' title='bbox 496 3534 589 3616; x_wconf 76' lang='lat' dir='ltr'>Quae</span> <span class='ocrx_word' id='word_1_185' title='bbox 607 3533 672 3599; x_wconf 88' lang='lat' dir='ltr'>nisi</span> <span class='ocrx_word' id='word_1_186' title='bbox 688 3535 814 3618; x_wconf 88' lang='lat' dir='ltr'>respuis</span> <span class='ocrx_word' id='word_1_187' title='bbox 831 3557 872 3599; x_wconf 86' lang='lat' dir='ltr'>ex</span> <span class='ocrx_word' id='word_1_188' title='bbox 891 3535 1016 3622; x_wconf 87' lang='lat' dir='ltr'>animo,</span> <span class='ocrx_word' id='word_1_189' title='bbox 1033 3541 1199 3628; x_wconf 81' lang='lat' dir='ltr'>longeque</span> <span class='ocrx_word' id='word_1_190' title='bbox 1214 3519 1371 3626; x_wconf 81' lang='lat' dir='ltr'>remittis,</span> 
     </span>
     <span class='ocr_line' id='line_1_31' title="bbox 454 3635 1241 3732; baseline 0.015 -29"><span class='ocrx_word' id='word_1_191' title='bbox 454 3635 515 3704; x_wconf 89' lang='lat' dir='ltr'>Dis</span> <span class='ocrx_word' id='word_1_192' title='bbox 524 3639 662 3728; x_wconf 84' lang='lat' dir='ltr'>indigna</span> <span class='ocrx_word' id='word_1_193' title='bbox 676 3639 808 3727; x_wconf 85' lang='lat' dir='ltr'>putare,</span> <span class='ocrx_word' id='word_1_194' title='bbox 825 3645 998 3728; x_wconf 88' lang='lat' dir='ltr'>alienaque</span> <span class='ocrx_word' id='word_1_195' title='bbox 1007 3649 1098 3732; x_wconf 88' lang='lat' dir='ltr'>pacis</span> <span class='ocrx_word' id='word_1_196' title='bbox 1108 3671 1241 3731; x_wconf 80' lang='lat' dir='ltr'>eorum3</span> 
     </span>
     <span class='ocr_line' id='line_1_32' title="bbox 456 3746 1194 3833; baseline 0.019 -24"><span class='ocrx_word' id='word_1_197' title='bbox 456 3746 609 3812; x_wconf 87' lang='lat' dir='ltr'>Delibata</span> <span class='ocrx_word' id='word_1_198' title='bbox 618 3747 725 3814; x_wconf 80' lang='lat' dir='ltr'>Deitm</span> <span class='ocrx_word' id='word_1_199' title='bbox 737 3760 840 3833; x_wconf 86' lang='lat' dir='ltr'>perte</span> <span class='ocrx_word' id='word_1_200' title='bbox 855 3751 915 3816; x_wconf 89' lang='lat' dir='ltr'>tibi</span> <span class='ocrx_word' id='word_1_201' title='bbox 927 3755 1068 3818; x_wconf 82' lang='lat' dir='ltr'>numine</span> <span class='ocrx_word' id='word_1_202' title='bbox 1080 3769 1194 3823; x_wconf 87' lang='lat' dir='ltr'>sancta</span> 
     </span>
     <span class='ocr_line' id='line_1_33' title="bbox 455 3849 1358 3941; baseline 0.021 -28"><span class='ocrx_word' id='word_1_203' title='bbox 455 3849 559 3935; x_wconf 76' lang='lat' dir='ltr'>Saepe</span> <span class='ocrx_word' id='word_1_204' title='bbox 570 3853 724 3920; x_wconf 84' lang='lat' dir='ltr'>oberunt:</span> <span class='ocrx_word' id='word_1_205' title='bbox 741 3875 827 3941; x_wconf 84' lang='lat' dir='ltr'>non,</span> <span class='ocrx_word' id='word_1_206' title='bbox 842 3877 909 3940; x_wconf 89' lang='lat' dir='ltr'>quo</span> <span class='ocrx_word' id='word_1_207' title='bbox 918 3856 1293 3936; x_wconf 76' lang='lat' dir='ltr'>violarisummaDetim</span> <span class='ocrx_word' id='word_1_208' title='bbox 1302 3866 1358 3936; x_wconf 79' lang='lat' dir='ltr'>vis</span> 
     </span>
    </p>
   </div>
   <div class='ocr_carea' id='block_1_9' title="bbox 0 0 1480 5114">
    <p class='ocr_par' dir='ltr' id='par_1_13' title="bbox 0 0 1480 5114">
     <span class='ocr_line' id='line_1_34' title="bbox 0 0 1480 5114; baseline 0 0"><span class='ocrx_word' id='word_1_209' title='bbox 0 0 1480 5114; x_wconf 95' lang='lat' dir='ltr'> </span> 
     </span>
    </p>
   </div>
  </div>
 </body>
</html>
