3056 5126
396 479 443 534 vr
634 437 1125 524 T.LUCRETII

316 712 320 716 Ι
396 645 481 722 gens
503 616 667 690 Lucretia
691 637 802 708 quam
827 611 1047 699 clamatque
1069 605 1216 699 antiqua
1237 603 1366 693 fuerit,

396 745 609 832 argumento
637 741 722 828 sunt
750 719 906 799 Lucretii
932 718 1160 810 Tricipitini,
1190 717 1364 802 Triones,

398 843 558 929 Ofellae,
583 838 822 932 Vespillones,
849 830 952 902 Galli.
974 828 1091 936 Quod
1113 853 1199 900 vero
1218 827 1263 898 ad
1283 851 1367 924 cog·

397 978 536 1029 nomen
562 949 706 1034 attinet,
729 941 869 1016 tametsi
891 942 998 1013 rarius
1024 943 1062 1012 in
1091 938 1222 1024 Fastis,
1249 955 1285 1008 et
1308 961 1367 1009 ce-

398 1063 480 1133 teris
499 1053 746 1129 monumentis
761 1065 983 1144 compareat,
1000 1049 1207 1122 Romanum
1229 1071 1299 1116 esse
1313 1063 1367 1115 ta-

328 1147 334 1162 ·
398 1194 486 1244 men
499 1187 534 1240 et
550 1193 595 1238 ex
609 1163 736 1262 Elegiis
756 1159 940 1232 nonnullis
961 1159 995 1228 P.
1012 1159 1154 1244 Ovidii,
1172 1176 1265 1228 etex
1281 1155 1367 1248 Epi-

399 1276 602 1379 grammatis
625 1275 678 1344 M.
697 1270 829 1346 Valerii
850 1270 1033 1356 Martialis,
1055 1270 1252 1365 intelligere
1273 1265 1366 1338 licet.

401 1386 473 1459 Sed
488 1383 657 1456 credibile
672 1395 741 1467 est,
754 1379 858 1450 hqus
871 1377 1025 1450 familiae
1037 1379 1239 1463 Lucretios,
1259 1381 1369 1467 eque·

354 1492 356 1496 ¹
401 1497 462 1569 stri
485 1493 611 1566 ordine
633 1504 842 1576 contentos,
861 1490 992 1583 populi
1005 1491 1157 1561 honores
1174 1510 1250 1557 non
1272 1508 1369 1582 mag·

403 1633 539 1702 nopere
559 1604 746 1698 expetiise:
769 1604 870 1698 quod
890 1629 999 1676 nemo
1013 1596 1223 1687 mirabitur}
1241 1600 1305 1693 qui
1319 1601 1370 1669 le·

403 1721 515 1818 gerit,
535 1719 577 1792 C.
601 1719 845 1789 Maecenatem
861 1713 1096 1812 Vipsanium,
1123 1739 1207 1785 cum
1230 1730 1266 1783 et
1280 1709 1368 1780 Cae-

402 1830 467 1902 sari
495 1825 682 1926 August0,
705 1843 741 1898 et
754 1825 804 1898 M.
819 1824 996 1928 Agrippae
1019 1823 1235 1910 carissimus,
1260 1837 1370 1912 atque

404 1935 496 2008 adeo
520 1935 666 2006 intimus
690 1951 793 2020 esset,
820 1931 981 2026 ideoque
1000 1931 1231 2025 amplissimos
1254 1929 1373 1998 hono·

403 2073 458 2128 res
480 2071 627 2140 capere,
648 2061 759 2138 atque
785 2045 831 2114 ad
852 2041 1078 2116 Senatorium
1104 2043 1269 2115 ordinem
1291 2061 1372 2135 per-

406 2157 528 2227 venire
552 2171 689 2248 posset,
713 2173 862 2252 angusto
885 2173 1007 2228 tamen
1032 2159 1132 2229 clavo
1155 2169 1370 2228 contentum

407 2265 523 2336 fuisse.
552 2265 653 2351 Licet
681 2263 787 2334 etiam
811 2263 952 2352 dicere,
975 2265 1183 2339 Lucretium
1207 2280 1371 2336 nostrum

409 2401 431 2448 e
445 2375 699 2468 Vespillonum
712 2391 774 2446 aut
785 2373 987 2445 Ofellarum
997 2375 1128 2447 familia
1140 2376 1264 2461 fuisse,
1278 2373 1373 2444 duo-

409 2503 485 2574 que
503 2479 719 2576 cognomina
738 2479 917 2566 habuisse;
937 2503 1022 2550 cum
1039 2479 1085 2550 ad
1106 2501 1302 2552 commune
1315 2494 1375 2548 to-

409 2591 481 2662 tius
491 2589 643 2662 familiae
653 2613 857 2690 cognomen
875 2605 937 2660 aut
952 2589 1185 2685 Vespillonis,
1202 2587 1374 2660 autOfeI·

408 2704 484 2788 lae,
512 2725 716 2799 cognomen
740 2703 818 2774 Cari
841 2701 1048 2790 accessisset,
1075 2703 1133 2775 vel
1150 2719 1299 2796 propter
1319 2702 1377 2770 in·

410 2811 507 2910 genii
520 2813 807 2910 magnitudinem
822 2837 862 2886 ac
874 2814 1135 2908 praestantiam,
1155 2813 1213 2882 vel
1226 2827 1375 2905 propter

410 2947 557 2994 morum
569 2925 775 2998 suavitatem
793 2940 830 2997 et
838 2926 1069 3012 comitatem,
1085 2925 1144 2996 vel
1152 2943 1300 3019 propter
1313 2921 1376 2992 ali·

409 3031 501 3128 quid
522 3036 599 3114 tale.

460 3147 635 3252 Quodut
658 3147 792 3221 facilius
812 3147 976 3235 credam,
997 3147 1081 3219 facit
1097 3149 1155 3218 vel
1177 3145 1226 3250 Q.
1243 3146 1376 3216 Lucre-

408 3260 480 3332 tius
507 3261 688 3355 Vespillo,
712 3262 954 3354 iurisperitus,
976 3283 1088 3351 quem
1115 3275 1376 3329 commemorat

411 3370 464 3440 M.
480 3369 520 3437 -T
521 3372 626 3463 ullius
650 3371 688 3438 in
710 3369 841 3438 Brutos
869 3370 927 3439 vel
950 3369 997 3470 Q.
1025 3365 1208 3438 Lucretius
1237 3367 1375 3455 Ofella,

413 3503 526 3571 quem
543 3479 642 3548 idem
663 3479 801 3548 ibidem
828 3476 946 3548 scribit
969 3479 1143 3573 aptiorem
1166 3471 1270 3550 fuiss'e
1288 3503 1375 3550 con·

414 3588 599 3674 cionibus,
615 3613 723 3680 quam
744 3587 898 3674 iudiciis,
921 3586 966 3658 de
986 3611 1062 3682 quo
1078 3587 1220 3660 fortasse
1238 3609 1274 3660 et
1287 3589 1377 3661 Vel·

413 3700 502 3770 leius
529 3701 731 3770 Paterculus
755 3700 832 3769 libr.
848 3699 890 3769 II.
917 3697 1023 3771 verba
1045 3698 1148 3770 facit:
1176 3702 1233 3769 vel
1255 3699 1377 3790 potius

415 3810 502 3879 alter
524 3810 706 3882 Lucretius
727 3809 910 3904 Vespillo,
933 3811 1031 3882 cuius
1048 3809 1099 3880 Μ.
1113 3810 1252 3882 Tullius
1272 3831 1376 3876 men-

413 3919 551 3991 tionem
575 3919 658 3993 facit
680 3921 760 3993 libr.
780 3922 876 3994 VIII.
895 3919 940 3992 ad
964 3920 1072 4020 Attic.
1086 3920 1193 4016 Epist„
1215 3943 1247 4008 5.
1271 3935 1308 3990 et
1333 3915 1374 3986 C.
