3056 5126
423 432 500 492 xlv
594 409 1198 492 T.LUCRET11,VITA.

419 579 488 657 bat
501 581 539 650 in
556 604 617 650 ore
631 578 825 674 Epicurus,
842 579 1051 650 hominibus
1064 581 1194 654 afferre.
1209 581 1392 688 Quoniam

422 706 545 760 autem
572 687 665 758 duae
693 712 745 758 res
772 687 934 781 inprimis
956 691 1117 764 homines
1142 691 1331 763 sollicitant
1358 711 1394 764 et

420 798 662 885 conturbant,
682 815 723 867 ut
737 799 796 868 ilie
811 800 981 890 putabat,
1002 802 1151 897 religio,
1170 801 1237 870 hoc
1255 816 1325 886 est,
1347 803 1393 873 ti-

372 997 373 1002 ,
421 933 505 982 mor
530 905 692 978 Deor'um
722 907 857 996 innuis,
886 910 1053 1000 vitaeque
1080 909 1203 980 beatae
1230 907 1392 982 inimicus

420 1037 532 1112 atque
552 1020 718 1104 infestus,
744 1039 780 1090 et
794 1039 911 1090 metus
925 1023 1066 1090 mortis:
1087 1021 1138 1090 his
1156 1020 1301 1090 duobus
1316 1020 1392 1092 ani-

380 1166 384 1173 -
420 1153 567 1204 morum
582 1130 682 1222 quasi
693 1130 854 1222 pestibus
869 1146 904 1200 et
923 1129 1089 1202 crucibus
1109 1145 1259 1200 conatur
1273 1154 1332 1200 eos
1349 1131 1393 1200 li·

420 1239 562 1326 berare,
584 1239 807 1310 ostendendo
835 1239 1019 1332 primurn,
1047 1243 1186 1311 nnllam
1204 1241 1390 1314 esse-Deo-

419 1376 502 1422 rum
519 1349 810 1443 providentiam,
836 1349 971 1420 deinde
987 1352 1131 1421 nullum
1146 1376 1288 1421 sensum
1310 1368 1391 1444 post

420 1462 530 1532 vitam
550 1485 753 1547 remanere,
777 1463 990 1552 animosque
1012 1484 1083 1530 esse
1098 1462 1272 1530 mortales.
1299 1461 1393 1566 Qui·

420 1568 490 1640 bus
504 1569 736 1640 vehementes
751 1589 840 1640 errat
856 1567 1052 1662 Epicurus,
1074 1582 1112 1638 et
1124 1591 1189 1637 nos
1204 1566 1391 1640 Christiani

418 1677 466 1748 ab
483 1701 527 1748 eo
542 1676 648 1763 valde
669 1677 905 1748 dissentimus.
1490 1679 1491 1684 ’

469 1788 656 1895 Quoniam
676 1787 784 1884 igitur
809 1805 981 1860 neutrum
999 1787 1132 1860 horum
1153 1785 1255 1858 facile
1281 1811 1390 1890 expe·¹

418 1895 494 1966 dite
507 1909 650 1991 poterat
664 1894 870 1982 Lucretius,
890 1892 956 1964 nisi
969 1906 1097 1964 natura
1110 1915 1232 1962 rerum
1245 1917 1391 1987 perspe-

416 2031 474 2082 cta
488 2019 529 2080 et'
539 2007 701 2105 cognita,
718 2030 866 2078 omnem
881 2031 1029 2100 operam
1046 2021 1146 2080 suam
1161 2006 1199 2075 in
1214 2007 1392 2099 explican·
1490 2033 1491 2068 t

361 2162 366 2174 s
418 2118 617 2194 damtione
631 2117 784 2188 Naturae
797 2116 914 2212 ponit.
939 2116 1067 2210 ltaque
1084 2117 1192 2188 docet
1205 2115 1392 2189 mundum

418 2221 493 2298 sine
509 2225 661 2296 consilio
677 2224 860 2314 Deorum,
884 2226 1106 2298 Atomorum
1128 2249 1305 2298 concursu
1322 2223 1393 2298 for·

417 2336 513 2408 tuito
532 2357 604 2404 esse
625 2333 780 2422 factum3
806 2353 842 2406 et
864 2337 1021 2411 mundos
1045 2361 1116 2408 esse
1139 2337 1390 2411 innumerabi-

415 2447 485 2532 les,
505 2444 635 2518 eodem
649 2445 763 2517 modo
782 2463 934 2532 creatos,
960 2471 1093 2538 eosque
1113 2471 1238 2520 omnes
1253 2471 1323 2518 esse
1337 2446 1392 2528 in,-

416 2554 594 2628 cerituros.
617 2552 670 2626 Ac
694 2571 815 2625 totum
844 2551 995 2646 quidem
1018 2554 1154 2626 librum
1181 2555 1329 2628 tertium
1350 2556 1392 2628 in

417 2661 662 2754 disputatione
677 2662 723 2734 de
736 2663 853 2734 anima
869 2662 1084 2758 consumsits
1101 2682 1235 2735 ceteros
1249 2662 1392 2736 veroin

363 2814 376 2843 s
417 2773 561 2846 diversis
575 2797 615 2844 ac
627 2773 728 2846 variis
743 2773 1033 2865 quaestionibus,
1050 2799 1137 2868 quas
1154 2779 1265 2850 lector
1281 2799 1327 2844 ex
1341 2777 1392 2844 in·

417 2883 497 2956 dice
515 2908 637 2956 earum
649 2909 788 2972 return,
808 2908 901 2983 quae
915 2885 954 2956 in
974 2885 1118 2986 singulis
1132 2887 1230 2960 libris
1243 2899 1391 2956 tractan-

415 3011 495 3086 tur,
512 2995 613 3070 facile
627 3012 829 3097 cognoscet.

774 3306 1015 3324 Μ

70 4346 953 5106 [lt
