2940 5114
349 419 387 562 'p
405 447 422 508 1
440 451 464 510 n
485 451 511 511 n
530 451 561 512 n
602 454 642 518 v.
681 439 828 540 v.1·007.'
894 533 897 540 Δ
1009 469 1065 550 195

101 581 161 643 Illi
175 581 401 666 imprudentes
411 589 476 673 ipsi
488 590 552 654 sibi
565 611 662 678 saepe
669 619 840 664 uenenum

101 686 306 772 vergebant:
327 713 417 756 nunc
431 679 511 758 dant
523 697 595 762 aliis
610 703 773 769 sollertius
789 703 863 791 ipsi.
883 773 886 780 ,

141 791 226 854 Inde
235 811 323 856 casas
331 805 563 881 postquam‚ac
570 801 696 888 pelleis,
707 805 886 891 ignemque
895 823 1065 902 pararunt,
1146 899 1151 910 ,

98 893 142 954 Et
155 895 292 979 mulier,
306 900 482 966 coniuncta
492 906 585 990 viro,
600 910 759 973 concessit
769 911 806 973 in
821 934 941 1001 unum,

100 1001 264 1083 Castaque
275 1005 426 1098 privatae
440 1010 577 1076 Veneris
587 1017 755 1080 connubia
766 1020 853 1082 laeta
898 1039 903 1049 ¹
989 1044 993 1052 ·
1027 1101 1029 1106 ι

101 1107 243 1194 Cognita
253 1099 346 1193 suist,
360 1114 554 1197 prolemque
565 1139 650 1184 exse
662 1119 775 1188 videre
790 1130 947 1206 creatam3

1 1244 2 1247 =
18 1277 20 1282 .
98 1211 187 1273 Tum
200 1232 305 1296 genus
315 1215 500 1278 humanum
513 1219 658 1301 primum
668 1226 861 1296 mollescere
872 1228 990 1314 coepit.

97 1314 190 1400 Ignis
205 1316 294 1380 enim
309 1320 453 1402 curavit,
467 1331 503 1386 ut
517 1324 598 1388 alsia
609 1348 748 1412 corpora
759 1333 864 1420 frigus

97 1424 175 1500 Non
184 1423 231 1486 ita
243 1423 310 1487 iam
323 1435 454 1508 possent
469 1432 553 1494 coeli
567 1435 629 1496 sub
645 1437 790 1522 tegmine
805 1441 890 1504 ferre
900 1463 922 1505 ε.

79 1588 81 1599 ,
96 1524 139 1586 Et
149 1526 263 1591 Venus
275 1527 444 1592 imminuit
456 1529 567 1640 vireis,
585 1535 747 1618 puerique
760 1553 938 1623 parentum

96 1635 270 1701 Blanditiis
280 1637 378 1702 facile
390 1639 564 1727 ingenium
579 1639 705 1740 fregere
719 1653 909 1730 superbum.

95 1743 192 1808 Tune
202 1754 234 1807 et
242 1735 422 1812 amicitiam
434 1753 614 1832 coeperunt
626 1751 764 1838 iungere
774 1757 933 1823 habentes
951 1813 955 1822 ,

94 1845 256 1910 Finitumi
267 1847 355 1913 inter
367 1869 403 1912 se
411 1869 496 1926 ,nec
509 1839 661 1939 laedere,
676 1880 737 1922 nec
750 1842 876 1924 violare
889 1884 899 1941 ς

94 1951 135 2013 Et
146 1971 268 2034 pueros
279 1959 553 2026 commendarunt
565 1963 793 2048 muliebreque
802 1948 927 2034 seclum
985 1993 988 1998 ·

94 2053 256 2137 Vocibus,
271 2065 304 2118 et
315 2067 422 2142 gestu;
441 2080 542 2140 quom
559 2065 657 2127 balbe
671 2067 914 2158 significarent,
979 2096 1055 2146 roas

92 2163 342 2226 Imbecillorum
353 2185 423 2228 esse
436 2185 580 2248 aequum
594 2170 779 2242 misererier
792 2178 894 2241 omni.

91 2273 167 2335 Non
181 2282 295 2364 tamen
301 2273 500 2338 omnimodis
511 2289 639 2359 poterat
653 2284 828 2346 concordia
842 2285 951 2373 gigni:

93 2381 158 2444 Sed
172 2382 259 2443 bona
269 2402 458 2468 magnaque
467 2405 543 2467 pars
557 2390 733 2450 servabant
743 2390 876 2454 foedera
888 2395 982 2474 casti3

89 2489 157 2550 Aut
167 2509 271 2576 genus
280 2493 463 2556 humanum
476 2493 544 2555 iarn
557 2503 625 2555 turn
635 2495 829 2581 foretomne
839 2510 1039 2587 peremtum,

89 2595 158 2657 Nec
167 2595 324 2676 potuisset
334 2599 443 2660 adhuc
452 2601 635 2684 perducere
645 2603 732 2665 secla
743 2603 904 2692 propago.

129 2701 172 2762 At
185 2698 293 2765 varios
303 2701 439 2790 linguae
449 2703 573 2769 sonitus
589 2714 706 2766 natura
716 2706 849 2800 subegit

90 2805 236 2889 Mittere,
252 2818 284 2870 et
296 2808 419 2872 utilitas
429 2807 586 2890 expressit
600 2809 736 2871 uomina
747 2832 883 2876 rerum:

88 2915 164 2986 Non
176 2911 242 2974 alia
255 2915 354 2997 longe
368 2911 509 2994 ratione,
524 2923 622 2990 atque
637 2911 707 2993 ipsa
722 2911 863 2975 videtur.

86 3017 285 3081 Protrahere
295 3017 338 3077 ad
352 3024 481 3100 gestum
496 3033 616 3096 pueros
630 3012 770 3075 infantia
779 3013 929 3098 linguae;

87 3124 199 3206 Quom
210 3122 347 3204 facit,ut
357 3119 565 3206 digito,'quae
576 3118 641 3183 sint
652 3119 1049 3208 praesentia,monstrent.·

85 3226 191 3289 Sentit
203 3225 292 3290 enim
302 3225 371 3288 vim
386 3225 525 3304 quisque
538 3244 633 3287 suam
650 3227 741 3306 quod
753 3226 855 3308 possit
868 3228 972 3292 abuti.
1095 3319 1097 3324 Ι

86 3337 221 3396 Cornua
236 3344 311 3396 nata
324 3331 417 3416 prius
429 3311 534 3394 vitulo
551 3350 652 3410 quam
668 3331 833 3408 frontibus
849 3339 993 3421 exstent,
1092 3327 1094 3336 Δ

83 3439 157 3503 illis
172 3439 275 3502 iratus
289 3439 388 3524 petit,
406 3431 503 3520 atque
529 3437 677 3502 infensus
691 3438 839 3526 inurget:

83 3547 127 3606 At
143 3545 246 3608 catuli
262 3547 513 3628 pantherarum,
528 3542 725 3636 scymnique
739 3545 893 3629 leonum,
994 3546 996 3551 ’

83 3651 275 3738 Unguibus,
284 3672 322 3714 ac
330 3649 469 3732 pedibus
481 3650 547 3712 iam
559 3659 629 3712 tum
641 3670 817 3730 morsuque
828 3659 1029 3745 repugnant,
1095 3719 1098 3730 ,

82 3759 150 3826 vix
159 3759 259 3822 etiam
270 3762 371 3840 quom
381 3757 458 3822 sunt
467 3761 579 3822 dentes
590 3779 782 3844 unguesque
793 3761 902 3826 creati.
1010 3806 1035 3840 ,r

69 3867 236 3930 ¹Alituum
247 3887 347 3951 porro
363 3887 466 3954 genus
479 3865 541 3932 alis
553 3885 652 3930 omne
664 3865 814 3934 videmus
878 3864 882 3874 ’
