3034 5116
363 378 368 460 J
411 417 452 480 ῳ
625 395 690 459 nr
713 393 900 458 nurum
926 389 1138 458 urruns
1205 411 1239 454 v.
1261 395 1326 470 234.

410 534 515 604 Mixto
531 553 669 620 vapore3
684 556 789 620 vapor
801 553 903 618 porro
918 521 1020 596 tritus
1036 537 1122 598 a‘e'ra·
1133 553 1261 612 secum

410 645 479 707 Nec
494 645 586 706 calor
600 651 648 706 est
660 641 852 724 quisquam,
867 638 947 721 quoi
958 659 1028 704 non
1035 639 1078 720 dt
1087 637 1208 704 mixtus
1218 649 1251 703 et
1263 643 1328 701 αἰέν.

411 751 500 810 Rara
510 746 780 829 quodeiusenim
792 753 918 809 constat
928 753 1062 824 natura,
1081 763 1212 844 oeceses
1221 751 1271 808 est

412 855 505 922 diris
517 855 604 918 inter
620 874 697 918 eum
712 852 894 936 primordia
907 854 1013 917 multa
1029 853 1166 917 moveri.

359 941 364 950 ’
452 964 523 1023 Iam
535 960 655 1044 triplex
666 957 771 1022 animi
786 967 834 1022 est
845 955 948 1044 igitur
964 967 1083 1020 natura
1096 965 1236 1040 reperta.

1469 203 1475 269 t

1465 480 1471 575 t

413 1066 480 1128 Neo
492 1072 601 1125 tamen
613 1063 837 1128 haeosatsunt
846 1060 1031 1126 adsensum
1042 1071 1161 1125 cuncta
1175 1053 1369 1136 meandum
1471 1129 1472 1138 ἵ

413 1168 470 1232 Nil
478 1159 598 1232 hoium
612 1167 772 1249 quonia'm
782 1167 900 1250 recipit
915 1187 1008 1230 mens
1021 1185 1116 1250 posse
1133 1187 1245 1230 creare

382 1292 389 1304 ¹
414 1270 593 1336 sensiferos
610 1279 735 1351 motus,
748 1271 911 1352 quaedam
926 1267 985 1351 qui
1001 1277 1112 1334 mente
1124 1271 1288 1334 volutant.

414 1381 540 1462 Quarta
554 1395 687 1459 quoque
697 1377 748 1441 his
759 1374 861 1463 igitur
872 1379 1036 1458 quaedam
1049 1383 1168 1441 naturtt
1176 1395 1310 1454 necesse
1321 1379 1367 1438 est
1466 1336 1471 1401 ε

415 1481 640 1544 Attribuatur:
653 1497 692 1542 ea
706 1489 754 1544 est
765 1478 903 1543 omnino
913 1479 1057 1543 nominis
1072 1499 1205 1565 expers:
1280 1507 1282 1510 ·

416 1579 1093 1665 Quanequemohitiusquidquam,neque
1103 1580 1247 1664 tenuius,
1257 1588 1374 1687 efflat)
1465 1670 1469 1681 ,

416 1684 485 1746 Nec
496 1682 601 1769 magis
613 1693 661 1746 est
674 1681 785 1765 parvis
794 1693 825 1745 et
837 1683 986 1748 laevibus
995 1703 1037 1748 ex
1046 1685 1231 1765 elemenm3

417 1785 598 1850 Semiferos
612 1795 814 1866 motusquae
832 1783 917 1850 didit
932 1784 1041 1870 prima
1058 1807 1119 1872 per
1133 1797 1233 1852 artus.

371 1961 377 1978 ,
417 1894 528 1958 Prima
542 1894 647 1958 cietur
659 1892 766 1976 enim,
779 1893 890 1977 parvis
903 1896 1049 1979 perfecta
1064 1893 1198 1982 figuris3
1214 1895 1220 1908 '

417 2001 502 2064 Inde
516 2001 606 2063 calor
617 2011 740 2079 motus,
757 2010 790 2060 et
802 1998 893 2062 venti
910 2019 1007 2088 oseca
1019 1979 1177 2085 potestati,

331 2103 335 2114 '
418 2101 561 2186 Accipit3
574 2103 652 2166 inde
665 2102 1219 2200 a‘e‘r3indeomuiamobilitan'turr·
1320 2123 1376 2190 249

420 2209 616 2274 Concutitur
625 2209 776 2294 sanguis,
793 2219 862 2272 tum
873 2206 998 2274 viscera
1011 2209 1252 2294 persentiscunt

420 2315 561 2391 Omnia3
575 2313 746 2397 postremis
761 2315 859 2378 datur
869 2311 1012 2396 ossibus,
1029 2322 1128 2398 atque
1142 2316 1321 2402 medullis,

419 2422 496 2486 Sive
510 2422 662 2503 voluptas
677 2430 739 2500 est,
750 2421 820 2482 sive
832 2430 880 2486 est
892 2421 1076 2487 contrarius
1093 2424 1203 2487 ardor.

419 2528 489 2592 Neo
507 2529 627 2590 temere
644 2525 711 2588 huc
728 2523 824 2594 dolor
838 2545 941 2608 usque
955 2533 1063 2608 potest
1074 2537 1264 2611 penetrare,

860 2693 862 2698 .
947 2649 1057 2712 oeque
1070 2647 1146 2696 sore
1209 2630 1210 2633 ’

421 2736 620 2800 Permanere
629 2736 771 2818 malum,
786 2733 868 2817 quin
877 2733 989 2798 omnia
1004 2738 1257 2818 perturbentur:

422 2843 534 2924 Usque
547 2845 630 2908 adeo
642 2851 679 2906 ut
691 2841 781 2931 vitae
795 2839 878 2905 desit
892 2843 1001 2923 locus,
1019 2852 1116 2924 atque
1127 2841 1254 2908 animai

421 2942 607 3035 Diffugient
620 2932 729 3031 partes
743 2967 804 3030 per
816 2947 926 3010 caulas
938 2946 1086 3030 corporis
1097 2949 1234 3014 omneis.
1284 2939 1296 2964 '

423 3053 487 3118 sed
496 3053 691 3134 plerumque
700 3049 755 3133 fit,
765 3051 800 3114 in
810 3071 941 3142 summo
955 3050 1049 3134 quasi
1062 3069 1218 3136 corpore,
1233 3053 1313 3120 finis

423 3157 583 3222 Motibus:
599 3159 685 3220 hanc
696 3159 741 3220 ob
753 3179 823 3222 rem
838 3157 942 3220 vitam
956 3156 1097 3222 retinere
1108 3159 1266 3225 vatemus.

463 3266 574 3345 Nunc,
588 3281 627 3328 ea
637 3281 705 3346 quo
713 3272 811 3346 puoto
820 3263 984 3328 interseso
998 3263 1117 3346 mixta,
1133 3265 1323 3350 quibusque

424 3369 541 3432 comta
553 3367 660 3432 modis
674 3368 823 3455 vigeant,
835 3369 997 3441 rationem
1009 3372 1147 3434 reddere
1158 3385 1312 3438 aventem

423 3469 590 3558 Abstrshit
598 3473 740 3540 inritum
751 3473 850 3558 patrii
860 3477 1021 3542 sermonis
1031 3489 1173 3564 egestas:

423 3583 488 3648 Sed
502 3593 628 3666 umen,
644 3595 682 3648 ut
695 3594 811 3668 potero
825 3583 1015 3668 summatim
1025 3584 1201 3672 attingere,
1213 3595 1365 3676 tangam.

464 3689 555 3754 luter
566 3690 655 3778 enim
674 3701 806 3754 cursant
818 3691 1018 3775 primordia,
1037 3692 1279 3777 principiorum

426 3792 572 3858 Motibus
581 3790 669 3858 inter
679 3813 731 3876 se,
748 3792 836 3860 nihii
848 3805 886 3860 ut
901 3795 1064 3862 secernier
1078 3818 1184 3866 unum
