2906 5152
176 513 180 520 ·
286 485 490 550 cisun
527 485 594 552 ιν.
625 487 763 572 sps.

40 631 124 696 Vera
139 623 325 712 repulsanti
338 623 486 691 ducenas
500 635 636 711 pectore
643 626 746 720 diote3

38 738 188 802 Tutemet
198 735 236 800 in
249 737 347 819 culpo
360 745 463 816 quom
474 734 533 816 sis,
548 751 658 817 neque
669 755 805 806 cornere
815 734 931 822 possis.
1046 754 1049 771 ¹

78 843 263 929 Principio,
274 863 409 910 somnus
421 839 547 925 fit,ubi
558 852 607 907 est
618 841 773 908 distracta
781 854 944 928 per-ortus
974 850 981 904 .'

38 947 96 1014 Vis
105 947 255 1028 animm
269 947 457 1033 partimque
472 947 560 1011 foros
569 947 674 1012 eiecto
683 949 832 1035 recessit,
936 943 940 951 ’

37 1053 80 1116 Et
93 1053 216 1136 partlm
230 1061 382 1118 contrusa
395 1051 500 1138 magis
512 1051 721 1142 concessitin
738 1055 854 1118 alum
890 1097 894 1102 =

38 1139 271 1225 Dissoliuntur
284 1159 374 1224 enim
385 1166 456 1222 tum
469 1158 605 1220 demum
615 1160 781 1242 memora,
793 1160 976 1242 fluuntque.
1070 1230 1072 1238 s

15 1349 18 1354 Ι
37 1271 120 1332 Nam
137 1268 277 1333 dubium
286 1284 359 1333 non
372 1259 438 1350 est,
452 1267 576 1329 enimet
591 1266 675 1347 quin
687 1268 846 1354 operuit
1099 1261 1102 1268 ’

37 1373 155 1437 Sensus
167 1372 223 1435 hic
239 1372 400 1456 innobis,
410 1393 509 1454 quem
521 1392 624 1454 quom
634 1391 736 1456 sopor
745 1371 886 1456 impedit
896 1393 982 1454 csse,

36 1481 122 1544 Turn
134 1479 386 1544 nobisanimam
394 1480 891 1565 perturbetumesseputondum
901 1489 965 1562 est,

36 1585 249 1666 Eiectamque
262 1583 367 1649 foras:
386 1603 456 1648 non
470 1596 620 1661 omnem3
634 1601 780 1665 nemque
791 1579 915 1646 iaceret
969 1622 972 1644 t
1084 1575 1086 1590 ‘

36 1691 179 1752 Aeterno
193 1709 314 1774 corpus
326 1691 497 1774 perfusum
511 1690 635 1776 frigore
647 1689 725 1774 leti,
768 1729 774 1740 ·

36 1796 170 1883 Quippe
182 1797 243 1862 ubi
255 1799 348 1862 nulla
362 1801 467 1862 latens
479 1797 605 1861 animai
613 1817 691 1882 pars
703 1804 889 1863 remaneret
959 1835 963 1844 ·

34 1903 78 1966 In
88 1903 257 1986 membris,
270 1904 381 1970 cinere
392 1905 547 1970 utmulta
556 1906 635 1970 letst
650 1907 787 1970 obrutus
800 1904 904 1994 igniet

36 2012 133 2075 Unde
143 2011 317 2076 reconflari
332 2033 445 2077 sensus
460 2035 521 2099 per
535 2015 684 2077 membre
696 2022 833 2096 repente

37 2115 151 2198 Possit,
168 2125 201 2180 et
218 2115 342 2204 exigui
356 2119 454 2183 caeco
469 2105 665 2206 consurgere
683 2121 829 2182 flamma.
932 2133 993 2200 929

79 2224 154 2307 Sed,
170 2221 291 2306 quibus
304 2225 387 2290 haec
396 2227 494 2292 rebus
504 2226 633 2296 novitas
645 2228 822 2313 confictor,
831 2233 864 2288 et
874 2223 965 2288 unde'

37 2329 226 2396 perturbari
238 2328 365 2411 anima,
378 2342 411 2393 et
421 2352 540 2416 eorpus
552 2335 780 2423 languescere,
793 2329 913 2414 possit,

1 2492 3 2497 .
37 2430 238 2516 Expedinm:
256 2441 290 2495 tu
304 2431 368 2511 fae,
385 2453 428 2496 ne
441 2433 547 2498 ventis
560 2435 884 2520 verbeprolundam.
947 2469 949 2475 ·

1 2555 2 2558 ’
74 2535 260 2620 Principio,
277 2544 412 2602 externe
427 2558 547 2623 eorpus
559 2541 600 2603 de
609 2550 702 2623 parte
715 2557 886 2603 necessum
896 2544 962 2620 est,

36 2642 142 2707 Ae'riis
154 2642 312 2724 quoniam
329 2645 478 2710 vicinum
494 2645 752 2733 tangiturauris,
851 2661 855 2672 ·

37 2749 205 2834 Tundier,
217 2760 315 2832 atque
328 2751 399 2816 ei'us
413 2754 530 2816 crebro
540 2747 704 2836 pulsarier¹
714 2751 792 2816 ictu.

36 2861 278 2940 Proptereeque
289 2857 357 2921 fere
369 2872 421 2920 res
435 2877 550 2920 omnes
557 2867 623 2920 ⁴‹tut
640 2857 733 2920 corio
743 2865 836 2940 sunt,

34 2967 100 3027 Aut
109 2964 208 3027 etiam
218 2964 367 3047 conchis,
376 2974 434 3027 eut
443 2965 528 3025 callo
540 3009 551 3046 ,
565 2972 622 3025 aut
631 2962 772 3043 cortice,
784 2969 896 3024 tectae.
965 3005 967 3010 -
1059 3043 1061 3054 ‚

33 3069 232 3133 Interiorem
246 3070 344 3132 etiam
356 3078 485 3153 partem
495 3065 696 3150 spirantibus
706 3070 766 3127 ser
878 3081 881 3089 ·
957 3061 964 3074 ’

34 3176 196 3239 Verberat
208 3173 263 3238 hic
274 3172 381 3256 idem,
397 3179 499 3253 quoin
506 3171 658 3253 'ducitur,
671 3178 771 3250 etque
780 3167 924 3239 reflatur.

33 3290 150 3372 Quare
161 3285 316 3366 utrinque
325 3303 419 3347 secus
429 3303 531 3363 quom
542 3299 661 3364 corpus
676 3279 826 3361 vapulet,
837 3285 868 3340 ct
879 3267 982 3357 quom

32 3387 235 3455 Perveniant
244 3391 362 3475 plagae
370 3409 430 3471 per
441 3381 545 3472 parva
559 3383 723 3458 lor-emino
734 3380 831 3445 nobis

32 3493 194 3580 Corporis
207 3498 250 3559 ad
263 3483 387 3579 pr'im'as
400 3487 914 3579 parteis,elementnqueprima;
960 3529 965 3538 ·
1074 3485 1083 3504 '

30 3602 88 3664 Fit
100 3601 194 3684 quiesi
202 3597 376 3685 paullatim
387 3602 483 3686 nobis
493 3621 552 3684 per
562 3599 712 3662 membra
726 3594 840 3658 ruine:
936 3589 938 3594 ’

33 3709 287 3771 conturbentur
303 3706 393 3770 enim
408 3704 576 3787 positurae
591 3697 833 3784 principiorum
920 3701 924 3712 “

32 3809 306 3896 corporumque
319 3808 443 3885 enimi'‚‘
451 3807 514 3890 sic,
525 3815 561 3869 ut
570 3827 646 3890 pars
657 3803 737 3868 inde
749 3801 874 3867 animal

32 3911 259 3997 Eliciatur,'ct
267 3911 447 3977 introrsum
458 3930 536 3996 pars
546 3908 657 3972 abdite
670 3909 784 3986 aedan·
867 3911 875 3952 ί
