2940 5114
451 403 512 522 its
550 544 554 559 ι
659 457 727 518 ne
754 455 944 516 nescu
975 437 1184 516 urruns
1244 468 1361 532 v.104.

448 597 532 660 Tam
544 573 670 677 tenues,
682 614 782 676 quam
791 602 868 660 sunt
878 593 1037 675 nebulae,
1052 592 1202 674 inanique
1217 591 1371 658 volantes.

447 701 531 760 Nam
546 701 661 761 cadere
672 708 729 760 aut
739 692 838 761 bruto
852 699 1010 760 deberent
1019 700 1166 780 pondere
1179 717 1326 782 pressae,

447 805 492 864 Ut
502 802 644 888 lapides;
659 811 731 882 aut,
743 811 780 863 ut
793 801 922 884 fumus,
936 811 1084 865 constare
1100 801 1293 884 nequirent,

446 909 514 972 Nee
528 906 682 971 cohibere
691 905 796 970 niveis
805 904 948 992 gelidas,
959 907 991 969 e't
1001 905 1173 994 grandinis
1183 904 1329 970 imbreis.

244 1071 246 1080 s
345 1087 352 1104 x
425 1065 426 1068 ,
486 1016 575 1075 Dant
588 1011 687 1076 etiam
699 1012 844 1076 sonitum
858 1011 964 1098 patuli
972 1033 1072 1097 super
1088 1031 1234 1102 aequora
1247 1010 1376 1097 muudi,

446 1121 607 1184 Carbasus
617 1129 655 1182 ut
665 1121 851 1202 quondam-¹,
864 1119 992 1204 magnis
1004 1119 1130 1182 intenta
1146 1118 1297 1202 theatris,

444 1229 510 1292 Dat
525 1228 702 1310 crepitum,
721 1229 825 1291 malos
840 1227 927 1292 inter
939 1227 1057 1290 iactata
1071 1227 1279 1308 trabeisque:

300 1356 306 1366 =
372 1393 374 1399 ,
442 1332 615 1394 Interdum
628 1330 785 1414 perscissa
798 1329 879 1392 furit
894 1330 1117 1413 petulantibus
1130 1329 1240 1410 auris,

281 1491 284 1498 .
326 1469 330 1472 ·
443 1442 485 1503 Et
502 1439 647 1526 fragileis
657 1438 784 1538 sonitus
799 1441 987 1502 chartarum
1003 1435 1272 1513 commoditatum
1303 1465 1308 1476 ι

443 1547 484 1608 Id
495 1567 627 1628 quoque
643 1545 733 1610 enim
745 1567 849 1632 genus
861 1544 898 1608 in
913 1545 1248 1630 tonitrueognoseere
1259 1538 1376 1623 possist

443 1655 523 1736 Aut,
539 1652 597 1714 ubi
607 1674 798 1738 suspensam
807 1662 946 1735 vestem,
959 1655 1128 1716 chartasve
1139 1647 1320 1729 volenteis,
1344 1697 1347 1713 ,

376 1748 378 1754 ‚
443 1752 647 1830 Verberibus
661 1759 754 1824 venti
767 1768 916 1839 vorsant,
934 1760 1164 1843 planguntque
1172 1775 1233 1836 per
1244 1771 1349 1816 auras.
1367 1785 1370 1791 ·

483 1863 772 1948 Fitquoqueenim
782 1863 1160 1945 interdum,utnontam
1170 1877 1365 1924 concurrere

601 1974 605 1981 ‘
632 2042 635 2051 s
971 1969 1076 2035 nubes

444 2075 619 2140 Frontibus
633 2073 780 2138 advorsis
794 2072 934 2157 possint,
944 2091 1043 2154 quarn
1058 2073 1100 2134 de
1112 2072 1214 2136 latere
1224 2068 1294 2155 ire,

363 2215 364 2224 κ
444 2181 586 2243 Divorso
599 2189 690 2243 motu
705 2183 1010 2265 radenteslcorpora
1024 2175 1170 2241 tractim:
1256 2229 1260 2246 ,
1343 2175 1392 2238 ιιΒ

443 2283 564 2348 Aridus
578 2285 666 2348 unde
678 2284 792 2362 ,aureis
807 2292 910 2370 terget
925 2300 1024 2345 sonus
1039 2279 1111 2358 ille,
1125 2271 1251 2359 diuque

442 2372 593 2469 Ducitur,
606 2389 722 2452 exierit
735 2392 840 2452 donec
849 2384 1161 2475 regionibusarctis.

484 2496 557 2556 Hoc
570 2493 667 2572 etiam
684 2501 781 2576 pacto
797 2491 922 2554 tonitru
941 2508 1096 2556 concussa
1112 2488 1269 2576 videntur

443 2596 565 2659 Omnia
576 2615 672 2677 saepe
687 2595 781 2681 gravi
795 2603 949 2673 tremere,
963 2602 996 2656 et
1005 2591 1133 2666 divolsa
1146 2599 1286 2675 repente

441 2697 598 2766 Maxuma
612 2699 788 2764 dissiluisse
806 2698 933 2782 capacis
946 2697 1077 2762 moenia
1087 2697 1224 2775 mundi;
1254 2733 1257 2749 ι

393 2827 395 2838 ’
441 2807 551 2888 Quom
561 2805 670 2868 subito
682 2805 787 2868 validi
797 2805 887 2868 venti
898 2807 1045 2868 conlecta
1055 2804 1208 2889 procella

440 2910 592 2976 Nubibus
603 2910 734 2974 intorsit
748 2932 832 3004 sese,
847 2914 1064 2992 conclusaque
1081 2904 1228 2992 ibidem,'

307 3035 315 3044 ·
347 3077 351 3083 ,
439 3014 586 3078 Turbine
599 3025 753 3078 vorsante
766 3015 872 3098 magis
886 3034 925 3078 ao
939 3014 1047 3099 magis
1059 3012 1207 3093 undique
1220 3013 1355 3094 urthern,

439 3121 551 3208 Cogit,
567 3119 616 3183 uti
629 3117 686 3184 liat
699 3119 803 3202 spisso
816 3134 897 3183 cava
911 3139 1049 3202 corpore
1061 3118 1197 3182 circum.

441 3227 535 3305 Post,
549 3223 609 3288 uhi
622 3225 800 3288 commovit
811 3224 939 3314 viseius
949 3235 981 3288 et
992 3225 1134 3307 impetus
1145 3245 1238 3305 acer,

437 3333 524 3393 Tum
536 3331 895 3415 perterricreposonitu
909 3335 965 3396 dat
984 3332 1081 3398 missa
1094 3334 1275 3420 fragorem.

438 3437 506 3499 Nec
518 3435 657 3513 mirum
670 3437 885 3520 quom'plena
895 3437 1024 3500 animae
1037 3437 1180 3502 vesicula
1196 3457 1301 3520 parva
1328 3420 1335 3430 ⁶

420 3525 424 3538 ¹
438 3545 540 3625 Saepe
550 3542 595 3605 ita
607 3545 829 3630 datmagnum
841 3543 1002 3626 sonitum,
1016 3543 1316 3628 displosarepente.

478 3647 534 3710 Est
543 3645 642 3712 etiam
653 3648 752 3733 ratio,
766 3667 867 3729 quom
880 3647 971 3710 venti
988 3647 1104 3730 nubila
1115 3651 1273 3732 perflant,

436 3738 481 3815 Ut
496 3754 622 3820 sonitus
635 3753 774 3819 faciant:
791 3752 912 3818 etenim
927 3775 1056 3845 ramosa
1069 3755 1222 3823 videmus

437 3854 558 3922 Nubila
570 3877 668 3942 saepe
681 3861 789 3928 modis
805 3858 933 3946 multis,
950 3869 1048 3943 atquc
1058 3880 1189 3948 aspera,
1202 3859 1294 3928 ferri·
