3018 5186
218 467 222 476 -
325 425 530 486 LIBER
570 423 646 488 VL·
681 442 713 485 v.
736 419 823 502 1617.
999 425 1056 500 245

82 574 231 652 Cunque
241 569 349 652 locus,
363 568 433 632 sive
447 591 487 632 ex
498 577 684 632 transvorso
693 568 784 650 ,sive
794 573 956 652 superne,

80 681 239 760 Corpora
250 677 408 740 continuo
418 677 455 739 in
465 696 608 740 vacuum
619 677 729 740 vicina
742 677 904 740 feruntur.

80 784 225 869 Quippe
239 784 406 871 agitantur
418 785 508 848 enim
522 784 630 871 plagis
643 782 794 868 aliunde,
810 805 872 846 nec
888 782 960 866 ipsa

80 893 214 974 Sponte
223 912 282 954 sua
292 912 422 954 sursum
436 903 572 974 possunt
586 911 783 977 consurgere
798 889 833 950 in
849 909 954 952 auras.
1026 873 1032 886 ⁶

124 999 205 1058 Huc
215 995 341 1058 accedit
355 995 450 1076 item,
469 1015 571 1076 quare
588 1003 687 1075 queat
703 994 739 1056 id
753 994 859 1080 magis
875 1015 961 1058 csse:

1 1158 2 1161 ,
81 1099 189 1182 Quod
202 1097 332 1160 simula
349 1100 458 1161 fronte
469 1109 515 1160 est
526 1098 652 1161 annelli
663 1099 770 1162 rarior
783 1105 841 1162 ae'r

80 1209 220 1288 Factus,
235 1205 447 1287 inanitusque
459 1207 551 1268 locus
563 1203 667 1291 magis
679 1226 717 1268 ae
726 1216 902 1284 ‘vacuatum

80 1310 257 1373 Continuo
270 1308 324 1392 fit,
337 1310 404 1390 uti,
416 1308 475 1389 qui
487 1316 619 1390 postest
633 1327 765 1387 cunque
776 1309 901 1370 locatus
920 1372 923 1377 ,

81 1420 163 1500 Aer,
182 1439 202 1480 a
213 1427 307 1505 tergo
323 1418 417 1498 quasi
427 1418 587 1500 provehat
601 1425 700 1496 atque
715 1417 892 1498 propellat.
927 1475 931 1480 ,

81 1523 226 1602 Semper
236 1520 325 1582 enim
340 1520 463 1582 circum
475 1519 662 1602 positusres
678 1523 830 1582 verberat
844 1524 913 1584 air.

81 1627 149 1688 Sed
160 1626 221 1688 tali
231 1624 268 1687 fit
283 1624 332 1688 uti
346 1627 513 1708 propellat
529 1635 677 1710 tempore
691 1625 837 1707 ferrum,

79 1733 183 1794 Parte
197 1735 288 1814 quod
300 1754 340 1804 ex
354 1754 421 1796 una
434 1733 577 1817 spatium
586 1743 697 1817 vacat,
712 1745 745 1798 et
759 1733 848 1817 capit
860 1732 897 1796 in
908 1751 953 1797 se·

81 1839 148 1903 Hic
163 1841 241 1924 tibi,
253 1860 352 1922 quem
371 1863 538 1924 memoro,
555 1846 741 1925 percrebra
752 1843 917 1906 foramina
932 1836 1012 1904 ferri

80 1949 209 2010 Parvas
223 1950 266 2008 ad
275 1948 398 2030 parteis
409 1951 575 2020 subtiliter
583 1945 785 2032 insinuatus,

80 2055 205 2118 Trudit
216 2064 247 2117 et
258 2054 409 2136 impellit:
421 2055 514 2136 quasi
528 2075 628 2124 naves
646 2058 787 2137 velaque
799 2056 921 2140 ventis,

79 2163 177 2227 Haec
191 2181 326 2240 quoque
339 2181 390 2223 res
402 2160 595 2224 adiumento
606 2173 766 2244 motuque
777 2162 921 2227 iuvatur.
976 2166 1051 2224 1032

120 2270 279 2350 Denique
290 2289 342 2332 res
358 2290 473 2332 omnes
489 2271 610 2333 debent
622 2271 659 2333 in
672 2291 812 2354 corpore
826 2273 949 2334 habere

83 2378 188 2458 Abra,
201 2376 473 2457 quandoquidem
483 2381 561 2440 rar'o
573 2389 651 2441 sunt
662 2397 818 2461 corpore,
835 2390 866 2441 et
880 2382 937 2439 ae'r
1041 2419 1044 2424 v

83 2483 253 2545 Omnibus
264 2489 312 2545 est
323 2485 422 2546 rebus
434 2482 656 2547 circumdatus
669 2483 915 2566 appositusque.
1012 2545 1017 2550 .

81 2585 148 2664 Hic
168 2592 284 2678 igilur,
302 2593 434 2678 penitus
451 2592 510 2675 qui
522 2593 559 2656 in
573 2594 661 2657 ferro
674 2603 721 2656 est
732 2592 880 2676 abditus,
895 2597 951 2655 a'elr

81 2697 234 2760 Sollicito
249 2709 339 2761 motu
351 2719 482 2781 semper
495 2699 649 2783 iactatur,
662 2720 768 2781 eoque

82 2809 249 2872 Verberat
263 2810 434 2871 annellum
445 2809 548 2870 dnbio
560 2812 699 2890 procul:
715 2819 747 2870 et
767 2808 828 2870 ciet
841 2807 930 2869 intus

82 2906 234 2971 Scilicet:
249 2920 348 2990 alque
365 2910 483 2973 eodem
500 2909 621 2988 fertur,
639 2927 705 2987 quo
719 2903 950 2988 praecipitavit

82 3012 156 3072 Iam
173 3013 291 3093 semel,
312 3021 344 3074 et
358 3029 497 3073 vacuam
514 3009 689 3091 partemin
708 3005 883 3069 conamina
895 3003 1020 3066 sumsit.

123 3116 179 3188 Fit
190 3137 336 3198 quoque,
350 3125 388 3178 ut
400 3137 418 3178 a
428 3114 538 3196 lapide
547 3116 611 3176 hoc
620 3111 700 3175 ferri
712 3119 830 3174 natura
841 3111 974 3173 recedat

81 3223 274 3303 Interdum,
289 3222 405 3306 fugere
419 3201 518 3301 atque
531 3217 626 3298 sequi
636 3225 792 3278 consueta
807 3214 963 3278 vicissim.
1065 3273 1068 3279 .

123 3329 298 3390 Exsultare
308 3327 408 3403 etiam
416 3325 647 3388 Samothracia
661 3324 766 3385 ferrea
778 3321 866 3403 vidi,

80 3436 130 3495 Ac
152 3443 300 3494 ramenta
311 3430 411 3494 simul
427 3430 506 3493 ferri
522 3431 635 3492 furere
652 3429 741 3492 intus
757 3428 870 3492 ahenis

82 3536 125 3597 In
140 3534 302 3617 scaphiis,
318 3535 402 3617 lapis
418 3535 473 3598 bic
485 3538 621 3620 Magnes
631 3555 731 3614 quom
744 3535 893 3598 subditus
905 3541 1005 3599 esseta

84 3645 200 3720 Usque
213 3643 297 3703 adeo
309 3642 424 3728 fugere
439 3661 460 3701 a
470 3661 549 3703 saxo
562 3641 683 3726 gestire
693 3642 847 3723 videtur,-

85 3753 172 3812 Aere
191 3749 402 3832 interposil03
415 3750 578 3813 discordia
595 3760 682 3811 tanta
694 3761 838 3812 creatur:

85 3855 286 3939 Propterea,
298 3854 377 3937 quia
394 3852 555 3918 nimirum
569 3853 663 3938 prius
680 3865 786 3916 aestus
800 3850 859 3914 ubi
869 3851 953 3916 aeris
