<?xml version="1.0" encoding="UTF-8"?>
<!DOCTYPE html PUBLIC "-//W3C//DTD XHTML 1.0 Transitional//EN"
    "http://www.w3.org/TR/xhtml1/DTD/xhtml1-transitional.dtd">
<html xmlns="http://www.w3.org/1999/xhtml" xml:lang="en" lang="en">
 <head>
  <title>
</title>
<meta http-equiv="Content-Type" content="text/html;charset=utf-8" />
  <meta name='ocr-system' content='tesseract 3.04.00' />
  <meta name='ocr-capabilities' content='ocr_page ocr_carea ocr_par ocr_line ocrx_word'/>
</head>
<body>
  <div class='ocr_page' id='page_1' title='image "./dererumnaturali10carugoog_0224.png"; bbox 0 0 2940 5114; ppageno 0'>
   <div class='ocr_carea' id='block_1_1' title="bbox 270 379 1159 510">
    <p class='ocr_par' dir='ltr' id='par_1_1' title="bbox 270 370 1159 510">
     <span class='ocr_line' id='line_1_1' title="bbox 270 379 1159 510; baseline 0.016 -42"><span class='ocrx_word' id='word_1_1' title='bbox 270 379 877 510; x_wconf 16' lang='lat' dir='ltr'>tercentenas</span> <span class='ocrx_word' id='word_1_2' title='bbox 987 419 1044 500; x_wconf 69' lang='grc' dir='ltr'>ηε</span> <span class='ocrx_word' id='word_1_3' title='bbox 1153 407 1159 436; x_wconf 71' lang='lat'>²</span> 
     </span>
    </p>
   </div>
   <div class='ocr_carea' id='block_1_2' title="bbox 82 549 840 748">
    <p class='ocr_par' dir='ltr' id='par_1_2' title="bbox 82 549 840 748">
     <span class='ocr_line' id='line_1_2' title="bbox 83 549 770 638; baseline -0.001 -20"><span class='ocrx_word' id='word_1_4' title='bbox 83 551 151 618; x_wconf 75' lang='lat' dir='ltr'>nus</span> <span class='ocrx_word' id='word_1_5' title='bbox 163 551 230 618; x_wconf 81' lang='lat' dir='ltr'>alia</span> <span class='ocrx_word' id='word_1_6' title='bbox 239 549 357 636; x_wconf 78' lang='lat' dir='ltr'>quavis</span> <span class='ocrx_word' id='word_1_7' title='bbox 364 550 490 638; x_wconf 83' lang='lat' dir='ltr'>possint</span> <span class='ocrx_word' id='word_1_8' title='bbox 498 552 534 616; x_wconf 81' lang='lat' dir='ltr'>vi</span> <span class='ocrx_word' id='word_1_9' title='bbox 547 555 642 636; x_wconf 76' lang='lat' dir='ltr'>pulsa</span> <span class='ocrx_word' id='word_1_10' title='bbox 651 552 770 637; x_wconf 86' lang='lat' dir='ltr'>perire.</span> 
     </span>
     <span class='ocr_line' id='line_1_3' title="bbox 82 656 840 748; baseline 0.001 -25"><span class='ocrx_word' id='word_1_11' title='bbox 82 661 184 723; x_wconf 80' lang='lat' dir='ltr'>Haud</span> <span class='ocrx_word' id='word_1_12' title='bbox 197 658 299 748; x_wconf 80' lang='lat' dir='ltr'>igitur</span> <span class='ocrx_word' id='word_1_13' title='bbox 307 656 365 722; x_wconf 89' lang='lat' dir='ltr'>leti</span> <span class='ocrx_word' id='word_1_14' title='bbox 377 659 547 740; x_wconf 80' lang='lat' dir='ltr'>praeclusa</span> <span class='ocrx_word' id='word_1_15' title='bbox 559 665 606 722; x_wconf 87' lang='lat' dir='ltr'>est</span> <span class='ocrx_word' id='word_1_16' title='bbox 617 657 718 722; x_wconf 65' lang='lat' dir='ltr'>ianua</span> <span class='ocrx_word' id='word_1_17' title='bbox 731 661 840 745; x_wconf 88' lang='lat' dir='ltr'>coelo,</span> 
     </span>
    </p>
   </div>
   <div class='ocr_carea' id='block_1_3' title="bbox 50 761 1040 3966">
    <p class='ocr_par' dir='ltr' id='par_1_3' title="bbox 80 761 930 954">
     <span class='ocr_line' id='line_1_4' title="bbox 82 761 930 846; baseline 0.007 -20"><span class='ocrx_word' id='word_1_18' title='bbox 82 767 113 826; x_wconf 90' lang='lat' dir='ltr'>N</span> <span class='ocrx_word' id='word_1_19' title='bbox 114 785 151 827; x_wconf 89' lang='lat' dir='ltr'>ec</span> <span class='ocrx_word' id='word_1_20' title='bbox 163 763 242 845; x_wconf 84' lang='lat' dir='ltr'>soii,</span> <span class='ocrx_word' id='word_1_21' title='bbox 252 771 437 844; x_wconf 75' lang='lat' dir='ltr'>terraeque,</span> <span class='ocrx_word' id='word_1_22' title='bbox 447 780 555 844; x_wconf 82' lang='lat' dir='ltr'>neque</span> <span class='ocrx_word' id='word_1_23' title='bbox 565 761 639 824; x_wconf 80' lang='lat' dir='ltr'>altis</span> <span class='ocrx_word' id='word_1_24' title='bbox 649 764 801 844; x_wconf 82' lang='lat' dir='ltr'>aequoris</span> <span class='ocrx_word' id='word_1_25' title='bbox 812 763 930 846; x_wconf 79' lang='lat' dir='ltr'>undis;</span> 
     </span>
     <span class='ocr_line' id='line_1_5' title="bbox 80 867 865 954; baseline 0.003 -21"><span class='ocrx_word' id='word_1_26' title='bbox 80 871 147 933; x_wconf 85' lang='lat' dir='ltr'>Sed</span> <span class='ocrx_word' id='word_1_27' title='bbox 159 877 250 954; x_wconf 81' lang='lat' dir='ltr'>petet</span> <span class='ocrx_word' id='word_1_28' title='bbox 262 867 414 949; x_wconf 75' lang='lat' dir='ltr'>immani,</span> <span class='ocrx_word' id='word_1_29' title='bbox 428 876 460 931; x_wconf 88' lang='lat' dir='ltr'>et</span> <span class='ocrx_word' id='word_1_30' title='bbox 469 877 562 932; x_wconf 79' lang='lat' dir='ltr'>vasto</span> <span class='ocrx_word' id='word_1_31' title='bbox 575 875 749 952; x_wconf 81' lang='lat' dir='ltr'>respectet,</span> <span class='ocrx_word' id='word_1_32' title='bbox 760 869 865 936; x_wconf 83' lang='lat' dir='ltr'>hiatu.</span> 
     </span>
    </p>

    <p class='ocr_par' dir='ltr' id='par_1_4' title="bbox 79 969 1030 1361">
     <span class='ocr_line' id='line_1_6' title="bbox 123 969 908 1059; baseline 0.008 -24"><span class='ocrx_word' id='word_1_33' title='bbox 123 976 237 1059; x_wconf 76' lang='lat' dir='ltr'>Quare</span> <span class='ocrx_word' id='word_1_34' title='bbox 249 971 348 1034; x_wconf 86' lang='lat' dir='ltr'>etiam</span> <span class='ocrx_word' id='word_1_35' title='bbox 360 969 473 1034; x_wconf 83' lang='lat' dir='ltr'>native</span> <span class='ocrx_word' id='word_1_36' title='bbox 484 989 653 1034; x_wconf 78' lang='lat' dir='ltr'>necessum</span> <span class='ocrx_word' id='word_1_37' title='bbox 668 980 716 1037; x_wconf 89' lang='lat' dir='ltr'>est</span> <span class='ocrx_word' id='word_1_38' title='bbox 731 973 908 1040; x_wconf 69' lang='lat' dir='ltr'>confiteare</span> 
     </span>
     <span class='ocr_line' id='line_1_7' title="bbox 79 1075 1030 1185; baseline 0.013 -44"><span class='ocrx_word' id='word_1_39' title='bbox 79 1083 176 1144; x_wconf 82' lang='lat' dir='ltr'>Haec</span> <span class='ocrx_word' id='word_1_40' title='bbox 186 1080 302 1142; x_wconf 81' lang='lat' dir='ltr'>eedem</span> <span class='ocrx_word' id='word_1_41' title='bbox 310 1101 319 1140; x_wconf 77' lang='lat' dir='ltr'>s</span> <span class='ocrx_word' id='word_1_42' title='bbox 328 1097 437 1158; x_wconf 87' lang='lat' dir='ltr'>neque</span> <span class='ocrx_word' id='word_1_43' title='bbox 446 1075 550 1160; x_wconf 71' lang='lat' dir='ltr'>etnim,</span> <span class='ocrx_word' id='word_1_44' title='bbox 562 1077 693 1140; x_wconf 77' lang='lat' dir='ltr'><strong>mortali</strong></span> <span class='ocrx_word' id='word_1_45' title='bbox 703 1099 842 1163; x_wconf 85' lang='lat' dir='ltr'>corpore</span> <span class='ocrx_word' id='word_1_46' title='bbox 851 1095 1030 1185; x_wconf 69' lang='lat' dir='ltr'>quaesunt,</span> 
     </span>
     <span class='ocr_line' id='line_1_8' title="bbox 79 1182 825 1267; baseline 0.005 -19"><span class='ocrx_word' id='word_1_47' title='bbox 79 1187 132 1248; x_wconf 84' lang='lat' dir='ltr'>Ex</span> <span class='ocrx_word' id='word_1_48' title='bbox 141 1182 351 1248; x_wconf 81' lang='lat' dir='ltr'>infinitoiem</span> <span class='ocrx_word' id='word_1_49' title='bbox 364 1192 511 1267; x_wconf 87' lang='lat' dir='ltr'>tempore</span> <span class='ocrx_word' id='word_1_50' title='bbox 523 1183 632 1246; x_wconf 79' lang='lat' dir='ltr'>adhuc</span> <span class='ocrx_word' id='word_1_51' title='bbox 644 1185 825 1266; x_wconf 86' lang='lat' dir='ltr'>potuissent</span> 
     </span>
     <span class='ocr_line' id='line_1_9' title="bbox 80 1287 800 1361; baseline 0.006 -7"><span class='ocrx_word' id='word_1_52' title='bbox 80 1288 241 1354; x_wconf 83' lang='lat' dir='ltr'>immensi</span> <span class='ocrx_word' id='word_1_53' title='bbox 250 1287 377 1352; x_wconf 75' lang='lat' dir='ltr'>validas</span> <span class='ocrx_word' id='word_1_54' title='bbox 386 1288 463 1361; x_wconf 82' lang='lat' dir='ltr'>aevi</span> <span class='ocrx_word' id='word_1_55' title='bbox 470 1298 680 1356; x_wconf 87' lang='lat' dir='ltr'>contemnere</span> <span class='ocrx_word' id='word_1_56' title='bbox 691 1293 800 1360; x_wconf 78' lang='lat' dir='ltr'>vireis.</span> 
     </span>
    </p>

    <p class='ocr_par' dir='ltr' id='par_1_5' title="bbox 80 1389 1013 1904">
     <span class='ocr_line' id='line_1_10' title="bbox 110 1389 1013 1492; baseline 0.023 -38"><span class='ocrx_word' id='word_1_57' title='bbox 110 1389 286 1476; x_wconf 73' lang='lat' dir='ltr'>Demque,</span> <span class='ocrx_word' id='word_1_58' title='bbox 295 1403 464 1478; x_wconf 70' lang='lat' dir='ltr'>tentopere</span> <span class='ocrx_word' id='word_1_59' title='bbox 473 1393 559 1460; x_wconf 89' lang='lat' dir='ltr'>inter</span> <span class='ocrx_word' id='word_1_60' title='bbox 567 1415 602 1460; x_wconf 88' lang='lat' dir='ltr'>se</span> <span class='ocrx_word' id='word_1_61' title='bbox 612 1417 715 1479; x_wconf 86' lang='lat' dir='ltr'>quom</span> <span class='ocrx_word' id='word_1_62' title='bbox 728 1419 883 1468; x_wconf 79' lang='lat' dir='ltr'>maxume</span> <span class='ocrx_word' id='word_1_63' title='bbox 894 1405 1013 1492; x_wconf 82' lang='lat' dir='ltr'>mundi</span> 
     </span>
     <span class='ocr_line' id='line_1_11' title="bbox 81 1499 954 1594; baseline 0.013 -29"><span class='ocrx_word' id='word_1_64' title='bbox 81 1503 238 1587; x_wconf 83' lang='lat' dir='ltr'>Pugnent</span> <span class='ocrx_word' id='word_1_65' title='bbox 246 1501 408 1582; x_wconf 81' lang='lat' dir='ltr'>membra,</span> <span class='ocrx_word' id='word_1_66' title='bbox 421 1499 480 1583; x_wconf 90' lang='lat' dir='ltr'>pio</span> <span class='ocrx_word' id='word_1_67' title='bbox 491 1513 700 1584; x_wconf 81' lang='lat' dir='ltr'>nequaquem</span> <span class='ocrx_word' id='word_1_68' title='bbox 712 1507 839 1572; x_wconf 83' lang='lat' dir='ltr'>concite</span> <span class='ocrx_word' id='word_1_69' title='bbox 848 1511 954 1594; x_wconf 75' lang='lat' dir='ltr'>bell03</span> 
     </span>
     <span class='ocr_line' id='line_1_12' title="bbox 80 1605 864 1694; baseline 0.009 -22"><span class='ocrx_word' id='word_1_70' title='bbox 80 1609 202 1672; x_wconf 82' lang='lat' dir='ltr'><strong>Nonne</strong></span> <span class='ocrx_word' id='word_1_71' title='bbox 210 1606 319 1689; x_wconf 82' lang='lat' dir='ltr'>vides,</span> <span class='ocrx_word' id='word_1_72' title='bbox 329 1605 475 1687; x_wconf 84' lang='lat' dir='ltr'>aliquam</span> <span class='ocrx_word' id='word_1_73' title='bbox 484 1607 577 1694; x_wconf 86' lang='lat' dir='ltr'>longi</span> <span class='ocrx_word' id='word_1_74' title='bbox 591 1611 779 1677; x_wconf 79' lang='lat' dir='ltr'>certaminis</span> <span class='ocrx_word' id='word_1_75' title='bbox 789 1614 864 1678; x_wconf 87' lang='lat' dir='ltr'>ollis</span> 
     </span>
     <span class='ocr_line' id='line_1_13' title="bbox 80 1710 954 1810; baseline 0.007 -31"><span class='ocrx_word' id='word_1_76' title='bbox 80 1719 181 1780; x_wconf 86' lang='lat' dir='ltr'>Posse</span> <span class='ocrx_word' id='word_1_77' title='bbox 190 1711 264 1776; x_wconf 78' lang='lat' dir='ltr'>dari</span> <span class='ocrx_word' id='word_1_78' title='bbox 278 1710 380 1774; x_wconf 88' lang='lat' dir='ltr'>finem</span> <span class='ocrx_word' id='word_1_79' title='bbox 389 1713 403 1774; x_wconf 80' lang='lat' dir='ltr'>i</span> <span class='ocrx_word' id='word_1_80' title='bbox 412 1713 480 1795; x_wconf 82' lang='lat' dir='ltr'>vel,</span> <span class='ocrx_word' id='word_1_81' title='bbox 490 1733 592 1796; x_wconf 87' lang='lat' dir='ltr'>quom</span> <span class='ocrx_word' id='word_1_82' title='bbox 605 1718 655 1780; x_wconf 88' lang='lat' dir='ltr'>sol</span> <span class='ocrx_word' id='word_1_83' title='bbox 667 1725 700 1780; x_wconf 88' lang='lat' dir='ltr'>et</span> <span class='ocrx_word' id='word_1_84' title='bbox 708 1737 814 1802; x_wconf 76' lang='lat' dir='ltr'>vapor</span> <span class='ocrx_word' id='word_1_85' title='bbox 825 1723 954 1810; x_wconf 76' lang='lat' dir='ltr'>omnis,</span> 
     </span>
     <span class='ocr_line' id='line_1_14' title="bbox 82 1815 838 1904; baseline 0 -18"><span class='ocrx_word' id='word_1_86' title='bbox 82 1819 250 1886; x_wconf 77' lang='lat' dir='ltr'>Omnibus</span> <span class='ocrx_word' id='word_1_87' title='bbox 262 1815 366 1901; x_wconf 88' lang='lat' dir='ltr'>epotis</span> <span class='ocrx_word' id='word_1_88' title='bbox 379 1818 838 1904; x_wconf 82' lang='lat' dir='ltr'>humoribus,exsuperarint;</span> 
     </span>
    </p>

    <p class='ocr_par' dir='ltr' id='par_1_6' title="bbox 81 1920 1040 2432">
     <span class='ocr_line' id='line_1_15' title="bbox 81 1920 1040 2020; baseline 0.015 -35"><span class='ocrx_word' id='word_1_89' title='bbox 81 1925 182 2010; x_wconf 75' lang='lat' dir='ltr'>Quod</span> <span class='ocrx_word' id='word_1_90' title='bbox 188 1923 296 1986; x_wconf 81' lang='lat' dir='ltr'>fecere</span> <span class='ocrx_word' id='word_1_91' title='bbox 302 1920 488 2005; x_wconf 83' lang='lat' dir='ltr'>intendunt,</span> <span class='ocrx_word' id='word_1_92' title='bbox 495 1943 602 2004; x_wconf 89' lang='lat' dir='ltr'>neque</span> <span class='ocrx_word' id='word_1_93' title='bbox 611 1925 720 1988; x_wconf 82' lang='lat' dir='ltr'>adhuc</span> <span class='ocrx_word' id='word_1_94' title='bbox 729 1938 845 1991; x_wconf 81' lang='lat' dir='ltr'>conata</span> <span class='ocrx_word' id='word_1_95' title='bbox 851 1939 1040 2020; x_wconf 68' lang='lat' dir='ltr'>patrantem</span> 
     </span>
     <span class='ocr_line' id='line_1_16' title="bbox 81 2023 927 2110; baseline 0.009 -20"><span class='ocrx_word' id='word_1_96' title='bbox 81 2029 226 2090; x_wconf 80' lang='lat' dir='ltr'>Tantum</span> <span class='ocrx_word' id='word_1_97' title='bbox 236 2023 583 2109; x_wconf 81' lang='lat' dir='ltr'>suppeditantamnes,</span> <span class='ocrx_word' id='word_1_98' title='bbox 594 2029 748 2110; x_wconf 86' lang='lat' dir='ltr'>ultroque</span> <span class='ocrx_word' id='word_1_99' title='bbox 757 2029 927 2098; x_wconf 85' lang='lat' dir='ltr'>minentur</span> 
     </span>
     <span class='ocr_line' id='line_1_17' title="bbox 82 2111 1039 2218; baseline 0.007 -24"><span class='ocrx_word' id='word_1_100' title='bbox 82 2111 204 2194; x_wconf 77' lang='lat' dir='ltr'>Omnia</span> <span class='ocrx_word' id='word_1_101' title='bbox 217 2128 381 2192; x_wconf 80' lang='lat' dir='ltr'>diluviare</span> <span class='ocrx_word' id='word_1_102' title='bbox 393 2149 435 2192; x_wconf 80' lang='lat' dir='ltr'>ex</span> <span class='ocrx_word' id='word_1_103' title='bbox 446 2131 654 2218; x_wconf 81' lang='lat' dir='ltr'>altogurgite</span> <span class='ocrx_word' id='word_1_104' title='bbox 666 2134 780 2216; x_wconf 87' lang='lat' dir='ltr'>ponti:</span> <span class='ocrx_word' id='word_1_105' title='bbox 980 2149 1039 2210; x_wconf 79' lang='lat'>388</span> 
     </span>
     <span class='ocr_line' id='line_1_18' title="bbox 81 2234 924 2320; baseline 0.014 -21"><span class='ocrx_word' id='word_1_106' title='bbox 81 2234 328 2319; x_wconf 65' lang='lat' dir='ltr'>Nequidquam</span> <span class='ocrx_word' id='word_1_107' title='bbox 337 2235 495 2317; x_wconf 81' lang='lat' dir='ltr'>quoniam</span> <span class='ocrx_word' id='word_1_108' title='bbox 504 2245 671 2302; x_wconf 88' lang='lat' dir='ltr'>verrentes</span> <span class='ocrx_word' id='word_1_109' title='bbox 679 2258 824 2320; x_wconf 80' lang='lat' dir='ltr'>aequore</span> <span class='ocrx_word' id='word_1_110' title='bbox 832 2246 924 2311; x_wconf 82' lang='lat' dir='ltr'>venti</span> 
     </span>
     <span class='ocr_line' id='line_1_19' title="bbox 82 2342 887 2432; baseline 0.014 -26"><span class='ocrx_word' id='word_1_111' title='bbox 82 2342 303 2425; x_wconf 71' lang='lat' dir='ltr'>neminum,</span> <span class='ocrx_word' id='word_1_112' title='bbox 313 2342 477 2424; x_wconf 85' lang='lat' dir='ltr'>radiisque</span> <span class='ocrx_word' id='word_1_113' title='bbox 487 2353 637 2410; x_wconf 81' lang='lat' dir='ltr'>retexens</span> <span class='ocrx_word' id='word_1_114' title='bbox 646 2346 809 2416; x_wconf 79' lang='lat' dir='ltr'>aetherius</span> <span class='ocrx_word' id='word_1_115' title='bbox 818 2351 887 2432; x_wconf 70' lang='lat'>⁸015</span> 
     </span>
    </p>

    <p class='ocr_par' dir='ltr' id='par_1_7' title="bbox 82 2446 783 2535">
     <span class='ocr_line' id='line_1_20' title="bbox 82 2446 783 2535; baseline 0.01 -25"><span class='ocrx_word' id='word_1_116' title='bbox 82 2450 118 2512; x_wconf 88' lang='lat' dir='ltr'>Et</span> <span class='ocrx_word' id='word_1_117' title='bbox 128 2448 255 2514; x_wconf 73' lang='lat' dir='ltr'>siccem</span> <span class='ocrx_word' id='word_1_118' title='bbox 265 2446 355 2530; x_wconf 85' lang='lat' dir='ltr'>prius</span> <span class='ocrx_word' id='word_1_119' title='bbox 367 2446 536 2512; x_wconf 85' lang='lat' dir='ltr'>confidunt</span> <span class='ocrx_word' id='word_1_120' title='bbox 547 2449 659 2514; x_wconf 83' lang='lat' dir='ltr'>omnis</span> <span class='ocrx_word' id='word_1_121' title='bbox 672 2469 783 2535; x_wconf 89' lang='lat' dir='ltr'>posse,</span> 
     </span>
    </p>

    <p class='ocr_par' dir='ltr' id='par_1_8' title="bbox 82 2553 878 2642">
     <span class='ocr_line' id='line_1_21' title="bbox 82 2553 878 2642; baseline 0.01 -24"><span class='ocrx_word' id='word_1_122' title='bbox 82 2558 190 2642; x_wconf 79' lang='lat' dir='ltr'>Quem</span> <span class='ocrx_word' id='word_1_123' title='bbox 201 2554 312 2636; x_wconf 84' lang='lat' dir='ltr'>liquor</span> <span class='ocrx_word' id='word_1_124' title='bbox 323 2553 447 2638; x_wconf 79' lang='lat' dir='ltr'>incepti</span> <span class='ocrx_word' id='word_1_125' title='bbox 455 2553 556 2637; x_wconf 88' lang='lat' dir='ltr'>possit</span> <span class='ocrx_word' id='word_1_126' title='bbox 564 2554 755 2642; x_wconf 84' lang='lat' dir='ltr'>contingere</span> <span class='ocrx_word' id='word_1_127' title='bbox 765 2555 878 2626; x_wconf 78' lang='lat' dir='ltr'>finem.</span> 
     </span>
    </p>

    <p class='ocr_par' dir='ltr' id='par_1_9' title="bbox 81 2663 853 2750">
     <span class='ocr_line' id='line_1_22' title="bbox 81 2663 853 2750; baseline 0.005 -24"><span class='ocrx_word' id='word_1_128' title='bbox 81 2666 224 2730; x_wconf 72' lang='lat' dir='ltr'>Tenwm</span> <span class='ocrx_word' id='word_1_129' title='bbox 236 2663 396 2748; x_wconf 82' lang='lat' dir='ltr'>spirantes</span> <span class='ocrx_word' id='word_1_130' title='bbox 409 2683 515 2744; x_wconf 87' lang='lat' dir='ltr'>aequo</span> <span class='ocrx_word' id='word_1_131' title='bbox 525 2663 702 2728; x_wconf 79' lang='lat' dir='ltr'>certamine</span> <span class='ocrx_word' id='word_1_132' title='bbox 711 2665 853 2750; x_wconf 84' lang='lat' dir='ltr'>bellum,</span> 
     </span>
    </p>

    <p class='ocr_par' dir='ltr' id='par_1_10' title="bbox 82 2769 806 2858">
     <span class='ocr_line' id='line_1_23' title="bbox 82 2769 806 2858; baseline 0.004 -25"><span class='ocrx_word' id='word_1_133' title='bbox 82 2770 210 2858; x_wconf 79' lang='lat' dir='ltr'>Magnis</span> <span class='ocrx_word' id='word_1_134' title='bbox 220 2771 265 2833; x_wconf 86' lang='lat' dir='ltr'>de</span> <span class='ocrx_word' id='word_1_135' title='bbox 277 2773 373 2834; x_wconf 83' lang='lat' dir='ltr'>rebus</span> <span class='ocrx_word' id='word_1_136' title='bbox 382 2769 511 2834; x_wconf 86' lang='lat' dir='ltr'>interse</span> <span class='ocrx_word' id='word_1_137' title='bbox 523 2791 658 2834; x_wconf 83' lang='lat' dir='ltr'>cernere</span> <span class='ocrx_word' id='word_1_138' title='bbox 668 2781 806 2851; x_wconf 81' lang='lat' dir='ltr'>certant;</span> 
     </span>
    </p>

    <p class='ocr_par' dir='ltr' id='par_1_11' title="bbox 79 2871 904 3070">
     <span class='ocr_line' id='line_1_24' title="bbox 81 2871 879 2961; baseline 0.005 -25"><span class='ocrx_word' id='word_1_139' title='bbox 81 2875 192 2959; x_wconf 80' lang='lat' dir='ltr'>Quom</span> <span class='ocrx_word' id='word_1_140' title='bbox 201 2874 303 2950; x_wconf 81' lang='lat' dir='ltr'>semel</span> <span class='ocrx_word' id='word_1_141' title='bbox 314 2872 440 2936; x_wconf 83' lang='lat' dir='ltr'>interea</span> <span class='ocrx_word' id='word_1_142' title='bbox 450 2871 550 2938; x_wconf 84' lang='lat' dir='ltr'>fuerit</span> <span class='ocrx_word' id='word_1_143' title='bbox 559 2873 768 2955; x_wconf 83' lang='lat' dir='ltr'>superantior</span> <span class='ocrx_word' id='word_1_144' title='bbox 777 2873 879 2961; x_wconf 83' lang='lat' dir='ltr'>ignis,</span> 
     </span>
     <span class='ocr_line' id='line_1_25' title="bbox 79 2977 904 3070; baseline 0.006 -30"><span class='ocrx_word' id='word_1_145' title='bbox 79 2977 246 3062; x_wconf 86' lang='lat' dir='ltr'>Etsemel,</span> <span class='ocrx_word' id='word_1_146' title='bbox 256 2985 294 3064; x_wconf 86' lang='lat' dir='ltr'>ut</span> <span class='ocrx_word' id='word_1_147' title='bbox 303 2977 392 3070; x_wconf 77' lang='lat' dir='ltr'>fame</span> <span class='ocrx_word' id='word_1_148' title='bbox 402 2980 596 3060; x_wconf 87' lang='lat' dir='ltr'>est,humor</span> <span class='ocrx_word' id='word_1_149' title='bbox 604 2977 752 3063; x_wconf 85' lang='lat' dir='ltr'>regnarit</span> <span class='ocrx_word' id='word_1_150' title='bbox 761 2977 798 3042; x_wconf 89' lang='lat' dir='ltr'>in</span> <span class='ocrx_word' id='word_1_151' title='bbox 807 2979 904 3045; x_wconf 79' lang='lat' dir='ltr'>arvis.</span> 
     </span>
    </p>

    <p class='ocr_par' dir='ltr' id='par_1_12' title="bbox 77 3083 965 3384">
     <span class='ocr_line' id='line_1_26' title="bbox 115 3083 965 3176; baseline 0.008 -29"><span class='ocrx_word' id='word_1_152' title='bbox 115 3085 308 3175; x_wconf 77' lang='lat' dir='ltr'>Ignisenim</span> <span class='ocrx_word' id='word_1_153' title='bbox 317 3083 497 3169; x_wconf 72' lang='lat' dir='ltr'>superstit,</span> <span class='ocrx_word' id='word_1_154' title='bbox 507 3093 539 3148; x_wconf 87' lang='lat' dir='ltr'>et</span> <span class='ocrx_word' id='word_1_155' title='bbox 549 3087 685 3151; x_wconf 82' lang='lat' dir='ltr'>ambens</span> <span class='ocrx_word' id='word_1_156' title='bbox 697 3085 801 3152; x_wconf 81' lang='lat' dir='ltr'>multe</span> <span class='ocrx_word' id='word_1_157' title='bbox 810 3088 965 3176; x_wconf 85' lang='lat' dir='ltr'>perussit,</span> 
     </span>
     <span class='ocr_line' id='line_1_27' title="bbox 77 3192 919 3276; baseline 0.006 -20"><span class='ocrx_word' id='word_1_158' title='bbox 77 3194 159 3257; x_wconf 76' lang='lat' dir='ltr'>Avia</span> <span class='ocrx_word' id='word_1_159' title='bbox 168 3214 275 3276; x_wconf 86' lang='lat' dir='ltr'>quom</span> <span class='ocrx_word' id='word_1_160' title='bbox 285 3194 488 3256; x_wconf 67' lang='lat' dir='ltr'>Phaethonte</span> <span class='ocrx_word' id='word_1_161' title='bbox 497 3193 658 3276; x_wconf 76' lang='lat' dir='ltr'>repentis</span> <span class='ocrx_word' id='word_1_162' title='bbox 668 3192 746 3258; x_wconf 87' lang='lat' dir='ltr'>solis</span> <span class='ocrx_word' id='word_1_163' title='bbox 757 3215 919 3276; x_wconf 87' lang='lat' dir='ltr'>equorum</span> 
     </span>
     <span class='ocr_line' id='line_1_28' title="bbox 78 3299 862 3384; baseline -0.001 -19"><span class='ocrx_word' id='word_1_164' title='bbox 78 3306 221 3367; x_wconf 79' lang='lat' dir='ltr'>Aethere</span> <span class='ocrx_word' id='word_1_165' title='bbox 230 3299 372 3384; x_wconf 77' lang='lat' dir='ltr'>raptarit</span> <span class='ocrx_word' id='word_1_166' title='bbox 386 3307 468 3383; x_wconf 85' lang='lat' dir='ltr'>tcto,</span> <span class='ocrx_word' id='word_1_167' title='bbox 479 3308 645 3380; x_wconf 84' lang='lat' dir='ltr'>terresque</span> <span class='ocrx_word' id='word_1_168' title='bbox 654 3320 715 3384; x_wconf 85' lang='lat' dir='ltr'>per</span> <span class='ocrx_word' id='word_1_169' title='bbox 725 3299 862 3364; x_wconf 84' lang='lat' dir='ltr'>omneis.</span> 
     </span>
    </p>

    <p class='ocr_par' dir='ltr' id='par_1_13' title="bbox 76 3379 930 3802">
     <span class='ocr_line' id='line_1_29' title="bbox 77 3379 851 3491; baseline -0.006 -21"><span class='ocrx_word' id='word_1_170' title='bbox 77 3408 115 3470; x_wconf 77' lang='lat' dir='ltr'>At</span> <span class='ocrx_word' id='word_1_171' title='bbox 126 3417 227 3491; x_wconf 82' lang='lat' dir='ltr'>pater</span> <span class='ocrx_word' id='word_1_172' title='bbox 235 3379 461 3488; x_wconf 67' lang='lat' dir='ltr'>emnipotens,</span> <span class='ocrx_word' id='word_1_173' title='bbox 472 3401 522 3466; x_wconf 85' lang='lat' dir='ltr'>int</span> <span class='ocrx_word' id='word_1_174' title='bbox 532 3412 602 3466; x_wconf 90' lang='lat' dir='ltr'>tum</span> <span class='ocrx_word' id='word_1_175' title='bbox 612 3403 756 3487; x_wconf 85' lang='lat' dir='ltr'>percitus</span> <span class='ocrx_word' id='word_1_176' title='bbox 765 3403 851 3486; x_wconf 80' lang='lat' dir='ltr'>acri,</span> 
     </span>
     <span class='ocr_line' id='line_1_30' title="bbox 77 3507 930 3600; baseline 0 -26"><span class='ocrx_word' id='word_1_177' title='bbox 77 3511 337 3600; x_wconf 76' lang='lat' dir='ltr'>Magnanimum</span> <span class='ocrx_word' id='word_1_178' title='bbox 348 3509 551 3572; x_wconf 62' lang='lat' dir='ltr'>Phaethonte</span> <span class='ocrx_word' id='word_1_179' title='bbox 560 3509 690 3592; x_wconf 86' lang='lat' dir='ltr'>repenti</span> <span class='ocrx_word' id='word_1_180' title='bbox 700 3508 850 3573; x_wconf 85' lang='lat' dir='ltr'>fulminis</span> <span class='ocrx_word' id='word_1_181' title='bbox 862 3507 930 3574; x_wconf 87' lang='lat' dir='ltr'>ictu</span> 
     </span>
     <span class='ocr_line' id='line_1_31' title="bbox 76 3609 859 3693; baseline -0.003 -17"><span class='ocrx_word' id='word_1_182' title='bbox 76 3609 380 3693; x_wconf 80' lang='lat' dir='ltr'>Deturbevitequis</span> <span class='ocrx_word' id='word_1_183' title='bbox 389 3609 426 3674; x_wconf 89' lang='lat' dir='ltr'>in</span> <span class='ocrx_word' id='word_1_184' title='bbox 436 3620 572 3689; x_wconf 67' lang='lat' dir='ltr'>terrem</span> <span class='ocrx_word' id='word_1_185' title='bbox 587 3611 715 3691; x_wconf 85' lang='lat' dir='ltr'>solque,</span> <span class='ocrx_word' id='word_1_186' title='bbox 730 3611 859 3674; x_wconf 82' lang='lat' dir='ltr'>cedenti</span> 
     </span>
     <span class='ocr_line' id='line_1_32' title="bbox 77 3716 866 3802; baseline -0.004 -19"><span class='ocrx_word' id='word_1_187' title='bbox 77 3721 228 3802; x_wconf 83' lang='lat' dir='ltr'>Obvius,</span> <span class='ocrx_word' id='word_1_188' title='bbox 239 3727 407 3782; x_wconf 82' lang='lat' dir='ltr'>aeternam</span> <span class='ocrx_word' id='word_1_189' title='bbox 416 3716 556 3800; x_wconf 85' lang='lat' dir='ltr'>suscepit</span> <span class='ocrx_word' id='word_1_190' title='bbox 564 3717 719 3800; x_wconf 82' lang='lat' dir='ltr'>lampade</span> <span class='ocrx_word' id='word_1_191' title='bbox 731 3716 866 3798; x_wconf 77' lang='lat' dir='ltr'>mund13</span> 
     </span>
    </p>

    <p class='ocr_par' dir='ltr' id='par_1_14' title="bbox 50 3821 959 3966">
     <span class='ocr_line' id='line_1_33' title="bbox 50 3821 959 3966; baseline -0.007 -73"><span class='ocrx_word' id='word_1_192' title='bbox 50 3857 51 3864; x_wconf 45' lang='lat'>¹</span> <span class='ocrx_word' id='word_1_193' title='bbox 74 3827 309 3905; x_wconf 85' lang='lat' dir='ltr'>Disiectosque</span> <span class='ocrx_word' id='word_1_194' title='bbox 318 3823 444 3914; x_wconf 77' lang='lat' dir='ltr'>redegit</span> <span class='ocrx_word' id='word_1_195' title='bbox 452 3821 751 3908; x_wconf 55' lang='lat' dir='ltr'>ementitumque</span> <span class='ocrx_word' id='word_1_196' title='bbox 761 3823 959 3966; x_wconf 58' lang='lat' dir='ltr'>trementeps:</span> 
     </span>
    </p>
   </div>
   <div class='ocr_carea' id='block_1_4' title="bbox 53 4073 59 4410">
    <p class='ocr_par' dir='ltr' id='par_1_15' title="bbox 53 4073 59 4410">
     <span class='ocr_line' id='line_1_34' title="bbox 53 4073 56 4222; baseline 0 -18"><span class='ocrx_word' id='word_1_197' title='bbox 53 4073 56 4222; x_wconf 72' lang='lat' dir='ltr'>i</span> 
     </span>
     <span class='ocr_line' id='line_1_35' title="bbox 56 4313 59 4410; baseline 0 -140"><span class='ocrx_word' id='word_1_198' title='bbox 56 4313 59 4410; x_wconf 32' lang='grc' dir='ltr'>ἱ</span> 
     </span>
    </p>
   </div>
   <div class='ocr_carea' id='block_1_5' title="bbox 0 0 1474 5114">
    <p class='ocr_par' dir='ltr' id='par_1_16' title="bbox 0 0 1474 5114">
     <span class='ocr_line' id='line_1_36' title="bbox 0 0 1474 5114; baseline 0 2"><span class='ocrx_word' id='word_1_199' title='bbox 0 0 1474 5114; x_wconf 95' lang='lat' dir='ltr'> </span> 
     </span>
    </p>
   </div>
  </div>
 </body>
</html>
