2906 5152
275 399 728 468 munuum
928 433 986 500 ης

42 537 230 625 Corporibus
241 541 391 627 liquidis,
406 555 485 608 suut
498 545 612 610 omnia
620 568 705 631 pura
719 549 856 626 relictus

41 649 73 710 Et
82 645 204 712 leviora
215 647 288 713 aliis
298 649 376 728 oliuu
392 658 426 713 et
439 649 675 731 liquidissimus
684 657 818 738 aether,

41 756 134 834 Atque
148 752 344 837 levissimus,
357 754 462 820 aerius
479 776 578 840 super
594 757 704 824 influit
718 780 834 842 euras3

40 861 96 924 Neo
106 860 270 941 liquidum
285 882 403 944 corpus
418 865 623 928 turbantibus
639 865 724 930 airis
737 885 836 932 auras

42 965 221 1032 Commissi:
233 968 310 1034 sinit
324 971 406 1033 haec
420 971 574 1035 siolenlis
586 971 701 1054 *omnia
716 973 808 1034 vorti
858 1037 860 1042 ,
915 1025 917 1030 .

42 1073 249 1154 Turbinibus;
261 1075 339 1138 sinit
354 1075 487 1140 incertis
502 1081 632 1142 turbare
646 1079 818 1161 procellis:
892 1116 897 1123 ·

41 1169 104 1262 Ipse
113 1201 187 1246 suos
201 1181 307 1267 igneis
325 1192 414 1246 certo
432 1183 495 1246 fert
508 1182 632 1266 impete
645 1184 770 1248 lubens.

33 1287 114 1372 ⁸Nnrn
123 1286 252 1350 modice
265 1289 476 1370 fluereetque
489 1307 559 1351 uno
572 1305 667 1371 posse
679 1289 814 1350 aethera
823 1289 914 1375 nisu,

43 1387 197 1476 Significat
212 1391 315 1472 ponto
328 1409 435 1474 mare,
452 1401 541 1456 certo
557 1394 647 1474 quod
660 1393 733 1455 fluit
748 1404 855 1477 antu,

44 1495 141 1556 Unurn
155 1495 293 1558 labundi
306 1514 502 1558 conservans
517 1517 621 1577 usque
636 1509 793 1566 tenorem.

74 1596 214 1662 Motibus
223 1607 386 1662 asnorum
395 1597 758 1690 nuncquuesit‘cansc,
771 1617 936 1672 cunamen.
989 1685 990 1689 Ἰ

43 1703 214 1788 Principio,
225 1725 364 1792 mugnus
376 1704 461 1770 coeli
477 1705 507 1769 si
521 1704 665 1780 vortitur
678 1707 785 1789 orbis,
843 1735 847 1744 ·

44 1811 228 1894 Exutraqne
239 1813 356 1896 polum
370 1822 465 1896 perte
479 1833 630 1896 premere
641 1819 734 1896 adro,
750 1817 846 1880 nobis
967 1861 969 1866 -

44 1913 220 1978 Dicendum
230 1924 294 1998 est,
307 1925 464 1996 extraque
474 1899 600 1996 tenere,
612 1926 644 1978 ot
652 1917 784 1982 cludere
793 1921 964 2005 utrinque3

44 2017 113 2080 Inde
124 2011 228 2080 alium
238 2037 338 2102 supra
351 2019 468 2099 fluere,
482 2028 581 2099 atque
591 2017 763 2084 intendere
776 2026 911 2110 eodem,

45 2127 108 2208 Quo
118 2126 288 2188 rolvunda
299 2124 423 2190 micent
436 2123 561 2188 aeterni
574 2124 682 2188 sidera
698 2127 834 2190 mundi:
927 2133 985 2198 sss

45 2233 202 2296 dotalium
216 2235 344 2316 subter,
359 2241 472 2316 contra
486 2233 545 2312 qni
553 2233 713 2302 subvehat
722 2236 855 2314 orbem;

45 2335 198 2410 Utflurios
212 2343 444 2400 versaremus
461 2344 559 2416 utque
572 2337 705 2398 haustra
722 2334 882 2416 videricus.

77 2441 125 2505 list
134 2441 233 2506 etiam
247 2461 395 2524 quoque,
407 2440 457 2504 uti
470 2440 571 2524 possit
584 2444 714 2508 coelum
722 2455 969 2512 omnernanere

46 2544 236 2628 luctatione,
254 2555 364 2609 temen
374 2567 476 2627 quom
486 2543 599 2608 lucida
612 2545 709 2633 signe
721 2549 887 2614 feruntur:

46 2643 108 2711 Sive
120 2653 208 2731 quod
223 2647 344 2712 inclusi
356 2648 466 2732 rapidi
477 2659 553 2714 sunt
564 2649 704 2714 aetheris
719 2661 842 2737 aestus,
857 2683 860 2690 ·

47 2755 296 2836 quaerentesque
311 2753 400 2818 viam
415 2753 728 2840 circumvorsa'ntur,
740 2771 773 2823 et
782 2761 877 2848 ignes

47 2861 154 2924 Passim
165 2884 226 2946 per
238 2861 322 2926 coeli
335 2862 474 2924 volvunt
488 2862 650 2926 immanis
664 2867 805 2946 templu

47 2964 110 3030 Sive
119 2969 251 3032 aliunde
264 2969 370 3030 fluens
381 2965 535 3029 alicunde
549 2962 748 3031 extrinsecus
759 2973 818 3032 ciis
846 2999 849 3005 ·

47 3071 151 3136 Vorsat
162 3092 263 3159 agens
275 3068 395 3156 igneis3
410 3068 480 3156 sive
494 3067 559 3151 ipsi
573 3087 711 3150 serperet
719 3078 869 3154 possum,

47 3174 111 3255 Quo
123 3174 304 3256 quoiusque
319 3172 411 3236 cibus
425 3182 521 3234 vorat
532 3167 915 3256 usqueinvitateunteis,

47 3278 269 3361 Flammenper
282 3278 410 3340 coelum
426 3273 607 3358 pascenteis
619 3275 758 3356 corpore
768 3275 899 3357 passim.

46 3380 117 3442 Nam
130 3382 212 3463 quid
223 3381 259 3444 in
271 3381 336 3442 hoo
348 3379 475 3440 mundo
491 3373 532 3440 sit
543 3395 675 3457 eorum,
689 3395 813 3458 ponere
823 3388 950 3461 centuni¹

46 3479 175 3548 Difficile
185 3493 247 3548 est:
262 3486 337 3568 sed,
350 3482 432 3564 qnid
447 3477 681 3564 possitfialque
696 3501 757 3563 per
768 3500 867 3545 omne

46 3585 81 3646 ln
95 3587 191 3650 variis
208 3587 356 3669 mundis,
373 3583 464 3648 varic
475 3582 602 3646 ratione
615 3581 747 3664 neatis,
793 3629 806 3644 -.

47 3685 80 3746 ld
89 3689 205 3766 doceo;
219 3689 407 3772 plureisque
416 3704 536 3772 sequor
548 3684 722 3767 disponere
735 3703 848 3748 causas

47 3786 365 3874 Motibusastrorurn,
381 3787 879 3878 quaepossintesseperomues
927 3855 928 3858 ,
