3056 5126
388 441 497 496 xxvi.
567 417 822 494 norma
854 381 1166 494 nrrsun‘nm

461 571 464 578 “
510 597 578 643 rum
592 577 806 663 exemplarium
823 577 1002 642 testimoniis
1015 576 1171 652 devictus,
1187 575 1262 660 quin
1276 574 1349 640 Pius

510 665 548 724 ad
572 661 745 736 arbitrium,
772 679 828 724 nec
850 659 1013 722 admonitis
1033 658 1214 734 lectoribus,
1232 661 1348 744 poitae

509 759 688 806 contextum
702 737 885 824 plurifariam
898 741 1113 803 immutaverit.

389 840 467 908 ¹5¹2
508 822 547 888 Τ.
561 823 693 886 Lucretii
704 823 822 888 cariae
836 841 938 886 rerum
948 818 1199 884 naturalibriVl.
1211 819 1350 902 (curan-

508 922 539 968 te
548 906 625 967 Petro
639 904 787 986 Candido.)
797 903 833 966 ln
846 903 927 965 fine:
943 904 1098 988 impressum
1105 903 1249 963 Florentiae
1259 922 1352 1044 sump-

507 989 577 1048 ribus
584 987 705 1068 Philippi
717 986 833 1048 Giarrae
841 984 1005 1068 bibliopolae.
1013 984 1308 1046 AnnosalutisMDX
1323 984 1351 1046 1.

507 1072 602 1133 Mensa
611 1067 722 1132 diarria
731 1067 762 1128 8.
771 1099 806 1115 -
815 1065 926 1129 Panzer
934 1065 1026 1128 Tom.
1034 1063 1106 1128 Vll.
1116 1085 1146 1148 p.
1158 1083 1204 1139 ¹4·
1218 1063 1252 1126 ln
1260 1081 1352 1145 prae·

506 1147 622 1212 satione
639 1145 795 1212 Candidus
815 1147 997 1230 profitetur,
1016 1163 1050 1209 se
1074 1165 1112 1210 ex
1132 1145 1287 1234 Manuscri
1308 1145 1351 1208 tis

507 1229 682 1292 Lucretium
692 1229 928 1291 emendatiorem
939 1226 1133 1302 date,obelis
1141 1226 1270 1289 Pontani
1316 1245 1352 1288 a·

507 1310 637 1392 rullique
648 1325 764 1372 temere
775 1309 899 1372 inducta
912 1308 1113 1392 expungendo
1123 1305 1270 1370 adhibffis
1286 1307 1351 1370 vi-

508 1391 598 1453 derur
608 1408 710 1454 tamen
722 1391 787 1453 eius
797 1390 890 1452 editio
900 1391 939 1452 ad
952 1408 1088 1454 normam
1097 1386 1225 1452 Aldinae
1235 1389 1349 1471 prioris

510 1473 701 1615 popissimum
721 1472 911 1556 composita,
934 1490 1029 1555 aqua
1048 1471 1080 1534 in
1093 1469 1281 1554 paucissimis
1296 1487 1351 1532 re-

506 1572 543 1616 ce
565 1570 598 1616 rr.

389 1649 468 1716 1514
507 1634 546 1698 ln
561 1634 675 1699 Carum
692 1634 866 1699 Lucretium
883 1637 1007 1719 poetam
1026 1631 1245 1700 commentarii
1263 1651 1282 1694 a
1297 1631 1350 1697 Io.

506 1715 641 1800 Baptista
663 1715 718 1780 Pio
736 1717 826 1780 editis
849 1715 966 1780 Codice
984 1717 1168 1780 Lueretiano
1190 1715 1352 1798 diligenter

509 1800 684 1861 emendato:
707 1798 796 1861 nodis
810 1797 952 1862 omnibus
973 1813 1005 1860 et
1020 1797 1245 1860 difficultatibus
1259 1813 1352 1879 aper·

509 1881 565 1943 tis:
580 1879 682 1943 obiter
690 1899 728 1942 er
740 1879 866 1943 diversis
872 1880 1049 1943 auctoribus
1057 1895 1125 1942 tum
1133 1878 1273 1953 Graecis,
1281 1893 1350 1940 tum

411 1975 416 1984 ·
506 1961 621 2024 Latinis
636 1961 730 2025 multa
738 1961 820 2044 leges
834 1961 1009 2024 enucleata:
1023 1979 1102 2043 quae
1111 1961 1253 2044 superior
1265 1974 1351 2023 aetas
1407 2003 1413 2014 ·

506 2043 682 2118 auttacuit,
694 2042 768 2104 auti
788 2042 920 2104 notavit.
931 2043 1067 2127 Perlege:
1087 2043 1264 2105 laetaberis:
1279 2040 1351 2102 Ad-

474 2177 479 2186 ,
507 2125 589 2187 ditus
604 2143 651 2186 est
671 2123 762 2188 index
769 2061 936 2188 literatius
959 2127 1147 2186 Venandaatur
1165 2127 1201 2186 ab
1218 2122 1349 2185 Asemsio

505 2224 529 2265 et
540 2207 638 2266 Ioanne
650 2203 750 2265 Parvo.
766 2202 801 2264 ln
812 2203 891 2265 liner
907 2205 941 2267 ln
958 2205 1169 2289 chalcographia
1182 2203 1352 2267 Arcentiarra

506 2289 544 2346 ad
554 2301 606 2346 ιν.
622 2287 688 2346 Idus
701 2283 750 2346 Aa
799 2286 822 2344 ti
832 2286 1004 2348 MDllllll.
1016 2285 1121 2350 fol·
1131 2287 1242 2349 Panzer
1251 2285 1349 2348 Tom-

506 2364 592 2427 Vlll.
608 2384 675 2449 pag.
694 2385 738 2446 12.
749 2305 912 2449 ffipetitio
930 2366 976 2429 ed.
987 2367 1186 2434 Bononiensis
1202 2387 1288 2447 ¹5¹1·

390 2462 464 2532 ¹5¹5
506 2448 613 2510 Aldina
623 2445 663 2508 ll.
675 2463 714 2509 ex
722 2445 901 2510 recensione
914 2447 1003 2508 Andr.
1021 2449 1163 2530 Naugeril.
1177 2447 1349 2512 Lucretius.

418 2548 420 2562 ¹
510 2529 679 2601 Venenum
690 2528 795 2590 aedibus
811 2527 881 2587 Aldt'
890 2545 916 2588 et
926 2530 1051 2590 Andreae
1065 2530 1171 2604 Soceri,
1193 2532 1287 2591 Merite
1300 2531 1352 2592 Ia-

428 2625 433 2630 ·
507 2612 613 2672 naaria.
631 2607 665 2670 8.
682 2641 723 2658 -
741 2607 905 2671 Renouard
924 2607 954 2670 1.·
963 2627 991 2670 c.
1011 2627 1078 2694 pag.
1106 2612 1171 2674 116.
1199 2609 1248 2672 De
1265 2629 1351 2674 nova

507 2691 566 2754 hac
583 2689 715 2752 editione
732 2690 887 2753 audiamus
902 2689 1014 2753 Aldutn
1031 2691 1129 2773 ipsum
1146 2691 1346 2776 praesentem:

507 2795 526 2830 22
534 2769 632 2856 Quod
645 2787 748 2834 aurem
760 2771 851 2854 longe
860 2773 1029 2836 correctior
1040 2773 1189 2851 emittitur
1198 2791 1278 2836 nunc
1287 2774 1347 2836 Lu-

482 2898 490 2914 .
508 2853 623 2916 cretius
633 2871 670 2916 ex
680 2855 806 2916 aedibus
821 2853 946 2929 nostris,
961 2873 1052 2936 quam
1064 2857 1276 2934 consueverim
1290 2856 1348 2918 ha-

507 2935 606 2998 benda
617 2950 664 2998 est
674 2925 863 3020 potissimum
873 2938 968 3026 gratia
978 2937 1119 3000 Andreae
1126 2937 1284 3020 Naugerio
1297 2957 1352 3002 no·

506 3033 592 3082 stro:
606 3018 658 3101 qui
675 3034 764 3096 eum,
784 3036 965 3100 quamquam
983 3020 1095 3084 cursim
1113 3036 1238 3104 propter
1254 3021 1351 3101 ipsius

506 3101 746 3186 occupationes,
769 3115 803 3162 et
826 3101 1030 3184 importunam
1051 3102 1267 3184 impressorum
1286 3121 1351 3166 no·

505 3199 641 3246 strorum
653 3181 894 3257 festinationem,
912 3199 1014 3246 tamen
1030 3199 1172 3246 accurate
1183 3185 1353 3250 recensuit.

505 3262 615 3346 Capita
625 3278 782 3344 praeterea
788 3278 906 3326 mutata
915 3261 978 3326 iere
992 3280 1063 3326 sunt
1075 3265 1186 3330 omnia.
1194 3297 1236 3318 -·
1249 3263 1350 3346 Quod

505 3342 533 3404 si
551 3361 605 3425 per
627 3347 785 3406 adversam
803 3343 1007 3406 valetudinem
1023 3343 1096 3406 mihi
1116 3345 1268 3422 licuisset,
1286 3367 1350 3431 qua

505 3435 625 3484 menses
635 3423 695 3484 iam
706 3424 824 3505 aliquot
834 3423 991 3488 acerbiore
998 3425 1191 3492 conflictatus
1201 3447 1285 3505 sum,
1298 3429 1349 3492 ad·

505 3502 569 3564 dita
586 3519 686 3566 essent
698 3503 778 3566 infra
794 3522 857 3566 non
874 3523 990 3588 pauca,
1009 3525 1089 3590 quae
1102 3509 1271 3593 diligentiae
1287 3530 1348 3574 no-

505 3583 1002 3666 snaelidemomnibuslacerent,
1022 3590 1348 3672 etLucretiumipsum
1477 3639 1479 3644 .

504 3665 671 3750 pleniorem
684 3667 844 3730 redderent
862 3701 905 3718 -
923 3685 1027 3734 cetera
1038 3672 1081 3734 ita
1094 3673 1238 3755 praestita
1249 3691 1315 3738 esse
1328 3694 1348 3737 a

504 3745 595 3808 nobis
604 3748 715 3831 opinor
725 3745 870 3830 Naugerii
885 3753 982 3814 nostri
993 3752 1160 3830 industria,
1195 3771 1347 3820 uamnon

503 3829 756 3920 contemnendam
771 3830 933 3912 adhibuit:
953 3848 989 3899 ut
1007 3773 1240 3919 Lucretiusiegi
1253 3852 1347 3922 atque

504 3909 907 3998 totelligitandempossit.a
1296 3931 1298 3934 ·
