3056 5126
465 427 712 501 *VltT
759 428 806 511 A,
1102 449 1146 504 ur

187 588 230 658 tis
248 585 482 682 popularibus
494 585 710 676 honoribus,
732 591 886 683 quinon
904 593 1021 666 solum
1036 615 1149 686 eque·

186 697 246 766 stri
260 695 395 783 ordini,
414 699 661 768 verumetiam
679 699 824 790 plebeio
841 700 1033 793 patebant,
1051 701 1149 793 (cen

187 817 224 875 te
238 803 432 876 maioribus
451 804 525 878 eius
542 823 578 876 et
594 807 809 899 propinquis
824 823 1031 900 patuerant,
1046 809 1060 902 )
1075 809 1149 878 sive

187 915 291 1008 quod
311 940 331 984 a
349 915 514 1009 populari
530 916 673 988 levitate
693 917 900 990 abhorreret
918 936 1058 1005 natura,
1076 918 1150 990 sive

81 1022 84 1026 ’
186 1024 290 1116 quod
310 1027 531 1118 vitamsuam
552 1030 583 1096 ei
607 1025 832 1120 disciplinae,
856 1051 967 1120 quarn
985 1051 1151 1117 sequere-

142 1175 144 1180 ·
185 1147 262 1219 tur,
279 1156 465 1225 quamque
477 1135 663 1225 amplexus
676 1150 782 1220 esset,
804 1151 1077 1206 consentaneam
1097 1159 1151 1205 es·

186 1263 223 1312 se
244 1243 372 1330 vellet,
387 1241 608 1336 (sapientem
634 1242 730 1311 enirn
747 1241 794 1312 ad‘
808 1243 1068 1335 rempublicam
1092 1268 1150 1314 ac-

186 1373 366 1422 cessurum
387 1351 539 1448 negabat
552 1349 772 1444 Epicurus,)
795 1351 981 1426 constituit
1000 1375 1035 1422 se
1058 1351 1149 1422 iutra

184 1458 368 1530 fortunam
395 1486 495 1532 suam
522 1459 731 1548 continere,
755 1478 1011 1554 perpetuoque
1038 1482 1150 1552 eque-

184 1588 292 1642 strem
317 1570 527 1669 dignitatern
552 1572 726 1662 retinere,
751 1595 872 1664 neque
897 1571 1037 1668 longius
1061 1595 1150 1664 pro·

182 1682 300 1781 gredi,
328 1682 441 1778 idque
466 1685 668 1784 multorum
699 1684 882 1754 bonorum
909 1698 946 1760 et
968 1682 1148 1754 clarorum

183 1796 342 1867 virorum
366 1795 544 1889 exemplo.
566 1796 740 1900 Quamvis
757 1816 880 1864 autern
898 1811 1010 1864 essent
1026 1794 1062 1862 hi
1082 1816 1150 1864 nu·

182 1930 286 1978 mero
307 1909 533 2000 complures,
551 1931 645 1976 unus
667 1906 891 1998 Pomponius
911 1922 1032 1974 tamen
1056 1905 1151 1974 mul-

182 2031 306 2089 torum
327 2017 433 2085 instar
459 2016 495 2084 ei'
506 2039 577 2084 esse
594 1999 734 2106 poterat
742 2041 752 2100 ;
777 2015 862 2107 qui,
876 2037 962 2085 cum
984 2012 1017 2083 ei
1034 2014 1152 2082 hono-

119 2211 122 2222 Ι
182 2145 237 2194 res
257 2123 488 2216 amplissimos
510 2124 549 2192 in
571 2123 797 2194 suacivitate
819 2121 991 2215 consequi
1003 2122 1147 2213 liceret,

183 2231 234 2302 ita
251 2232 439 2326 privatus,
464 2233 655 2326 quamdiu·
671 2234 798 2304 mansit
817 2235 854 2302 in
878 2235 971 2320 vita,
990 2233 1082 2304 vixit
1104 2249 1152 2303 ta·

182 2365 291 2428 men,
314 2357 357 2413 ut
377 2341 457 2412 viris
479 2342 590 2413 totius
610 2341 760 2414 civitatis
780 2342 1149 2437 Romanaeamplissi·
1187 2349 1189 2354 ’

182 2452 275 2540 mis,
300 2467 338 2524 et
359 2452 608 2542 ornatissimis,
639 2470 676 2524 et
701 2454 926 2528 nobilissimis
955 2454 1149 2526 carissimus

180 2559 301 2634 fuerit.

236 2674 407 2779 Quantus
418 2662 540 2746 autern
550 2685 658 2770 poeta
670 2676 713 2746 sit
728 2676 931 2769 Lucretius,
947 2703 1057 2774 quam
1072 2701 1150 2753 acu·
1169 2670 1172 2679 ¹
1197 2717 1202 2726 ·

182 2797 223 2854 to
250 2798 285 2853 et
312 2783 382 2853 acri
407 2783 575 2881 ingenio,
607 2799 743 2877 quanta
769 2787 813 2857 sit
839 2790 1001 2862 carminis
1028 2787 1148 2861 abeo

183 2894 327 2987 scripti,
356 2896 502 2990 gravitas
531 2919 570 2965 ac
596 2896 777 2986 maiestas,
802 2917 957 2991 quantus
984 2916 1148 2987 ornatus,

184 3025 297 3097 quam
310 3005 453 3098 pulchri
470 3021 507 3074 et
524 3008 689 3098 praeclari
703 3033 840 3096 versus,
864 3029 999 3103 quanta
1016 3009 1173 3090 sermm,

183 3113 240 3186 nis
265 3113 458 3211 elegantia,
492 3116 689 3213 integritas,
723 3134 853 3209 atque,
877 3137 918 3190 ut
943 3121 989 3190 ita
1012 3121 1147 3207 dicam,

183 3225 327 3310 sanitas,
353 3249 437 3297 cum
468 3249 594 3296 omnes
615 3225 762 3312 eruditi,
786 3228 851 3319 qui
868 3226 977 3297 hodie
997 3227 1149 3315 vivunt,

182 3334 411 3432 intelligunt;
435 3357 516 3408 tum
545 3335 609 3429 qui
632 3353 776 3428 patrum
801 3353 1006 3406 nostrorum
1033 3355 1148 3412 aetate

184 3443 406 3534 floruerunt,
426 3471 469 3519 eo
485 3448 641 3519 maxime
660 3447 905 3532 declararunt,
924 3445 1027 3539 quod
1049 3448 1148 3522 hunc

183 3567 330 3650 poetam
345 3555 505 3652 inprimis
527 3557 692 3630 amabant
711 3573 748 3626 et
770 3556 987 3627 lectitabant.
1004 3555 1077 3628 Sed
1092 3561 1149 3630 ul·
1235 3597 1243 3612 ·

186 3667 275 3738 tima
294 3670 352 3739 illa
372 3682 408 3748 et
420 3670 576 3740 maxime
589 3661 788 3740 veneranda
799 3717 816 3758 ‚v
837 3684 966 3763 utpote
979 3668 1148 3742 nondum

185 3779 378 3876 peregrinis
406 3779 568 3850 sordibus
597 3778 734 3869 oblita,
765 3779 958 3877 antiquitas
981 3801 1058 3854 non
1080 3779 1149 3851 ob·

189 3905 289 3958 ecure
304 3887 343 3959 id
359 3887 577 3990 significavit.
