3034 5114
134 483 136 494 .
248 467 251 472 -
333 434 795 528 monstrum.
999 405 1177 513 J„

77 578 360 667 Praecipiteisque
372 584 460 668 rapi,
472 594 582 651 tamen
595 608 662 653 esse
677 589 713 654 in
723 602 855 678 pectore
865 601 978 670 nostro
1003 668 1007 674 ,
1114 675 1119 684 .

77 684 1005 787 Quiddam,quodoontrapugnare,obstarequepossit3
1041 738 1045 746 ·
1086 688 1104 768 ἰ

80 793 215 881 Quoius
228 797 272 857 ad
286 794 461 858 arbitrium
474 801 713 884 quoqueuopia
729 806 879 870 materiai

78 900 400 990 Cogiturinterdum
415 891 501 966 flecti
513 925 573 988 per
581 913 749 992 membra,
761 933 822 995 per
831 924 935 1001 artus,

77 1009 120 1070 Et
135 1007 286 1090 proiecta
296 1008 498 1093 refrenatur,
510 1023 663 1095 retroque
678 1018 815 1082 residit?

80 1111 432 1199 Quareinseminibus
442 1117 671 1197 quoqueidem
685 1120 808 1184 fateare
823 1133 1024 1214 necesseest,

79 1223 160 1284 Esse
171 1218 275 1281 aliam
290 1228 421 1302 praeter
437 1221 550 1308 plagas
563 1231 595 1285 et
608 1218 757 1306 ponder'a
769 1247 902 1294 eausam
1100 1215 1106 1220 ⁵

81 1325 249 1406 Motibus,
259 1326 348 1387 unde
358 1323 444 1391 haee
453 1336 501 1388 est
510 1327 584 1391 ollis
597 1328 711 1393 innata
728 1342 884 1414 potestas:

82 1435 134 1512 De
145 1430 258 1496 nihilo
270 1429 429 1511 quoniam
440 1429 514 1494 fieri
524 1431 575 1495 nil
586 1454 682 1516 posse
693 1437 853 1504 videmus.

84 1543 219 1605 Pondus
234 1539 324 1603 enim
335 1539 507 1622 prohibet,
517 1524 560 1603 ne
571 1540 677 1627 plagis
687 1541 800 1606 omnir
811 1541 908 1630 fiant,

85 1649 229 1710 Externa
235 1645 334 1726 -quasi
342 1645 393 1707 vi:
406 1647 466 1709 sed·
479 1666 521 1724 ne
533 1666 627 1712 mens
639 1649 711 1734 ipsa
723 1671 894 1716 necessum

85 1735 285 1815 Intestinum
303 1751 422 1814 habeat
436 1753 561 1817 eunetis
575 1753 612 1816 in
628 1757 726 1820 rebus
739 1758 897 1842 agundis,

85 1857 140 1937 Et,
151 1855 283 1925 devicta
294 1855 389 1936 quasi
396 1901 406 1938 ,
416 1867 552 1942 cogatur
564 1858 666 1941 ferre,
677 1861 829 1942 patique:

87 1962 128 2022 Id
141 1959 219 2023 tacit
233 1959 392 2047 exiguum
405 1961 571 2024 clinamen
587 1962 830 2046 principiorum

90 2070 159 2130 Nec
175 2064 311 2152 regione
324 2063 391 2129 loci
407 2073 506 2148 certa,
521 2087 582 2128 nec
596 2076 744 2150 tempore
761 2078 860 2131 certo.
992 2079 1050 2159 293

130 2177 198 2237 Nee
207 2173 326 2257 stipata
340 2172 447 2258 magis
460 2172 524 2236 fuit
537 2195 684 2256 unquam
699 2173 851 2239 materiai
919 2201 927 2209 ‘

90 2277 209 2362 Copia,
222 2299 284 2340 nee
298 2297 401 2360 porro
419 2273 598 2340 maioribus
614 2277 813 2342 intervallis:

89 2388 174 2451 Nam
182 2403 290 2466 neque
299 2381 489 2469 adaugescit
499 2382 699 2465 quidquam,
709 2401 817 2466 neque
827 2383 955 2470 deperit
962 2387 1051 2456 inde.

90 2495 319 2578 Quapropter,
329 2507 397 2570 quo
407 2506 497 2552 nune
505 2487 544 2551 in
560 2499 652 2552 motu
669 2488 912 2573 principiorum
997 2528 999 2536 ›

92 2599 240 2678 Corpora
251 2601 342 2673 sunt,
352 2591 389 2654 in
404 2593 518 2654 eodem
531 2600 680 2654 anteacta
690 2599 796 2680 aetate
809 2583 923 2677 fuere,

89 2701 131 2764 Et
141 2701 282 2784 posthac
293 2715 422 2781 semper
434 2695 536 2761 simili
553 2693 681 2758 ratione
695 2695 859 2766 ferentur:

88 2807 133 2868 Et
142 2821 228 2884 quae
239 2809 437 2866 oonsuerunt
447 2798 555 2886 gigni,
567 2799 746 2886 gignentur
759 2803 875 2862 eadem
887 2861 893 2870 ,

95 2902 981 2990 Conditione;eterunt,eterescent,inqueralehunt,
1050 2945 1051 2952 κ

94 3019 269 3102 Quantum
281 3012 422 3094 quoique
432 3013 546 3074 datum
557 3020 605 3072 est
613 3029 673 3091 per
683 3007 817 3071 foedera
826 3015 976 3076 naturai:
1050 3047 1052 3060 ι
1169 3024 1172 3032 ·

91 3125 164 3185 Nec
174 3137 285 3182 rerum
295 3133 458 3180 summam
469 3123 672 3201 commutare
683 3111 752 3200 ulta
761 3123 868 3193 potest
876 3112 936 3178 vis.

91 3229 197 3303 Nam,
211 3229 320 3302 neque
335 3240 402 3302 quo
416 3219 519 3303 possit
533 3236 638 3304 genus
650 3205 758 3280 ullum
773 3219 925 3280 materiai
1011 3239 1014 3246 ’

93 3323 252 3413 Effugere
268 3326 423 3410 exomni,
440 3325 624 3408 quidquam
635 3334 696 3406 est,
716 3335 825 3406 neque
836 3344 965 3410 rursus,
979 3322 1018 3391 in

154 3439 175 3452 '
261 3429 276 3457 ²
620 3427 633 3443 ''
654 3447 677 3468 ι·
759 3448 859 3492 omne

97 3536 194 3598 Unde
203 3543 318 3600 coorta
331 3542 429 3615 queat
439 3553 527 3596 nora
535 3521 584 3598 vis
592 3530 793 3616 irrumpere,
806 3543 838 3596 et
848 3553 982 3598 omnem
995 3582 997 3590 s

98 3645 257 3706 Naturam
272 3663 385 3708 rerum
400 3651 540 3723 mutare,
551 3649 583 3704 et
594 3649 725 3702 vortere
738 3649 860 3702 motus.
951 3691 953 3696 .
1065 3621 1072 3628 ⁸

137 3753 228 3816 Illud
241 3751 278 3815 in
291 3751 343 3818 his
360 3754 458 3818 rebus
468 3769 536 3816 non
548 3761 596 3814 est
611 3750 779 3832 mirabile,
792 3769 912 3832 quare,
954 3779 967 3801 s
1006 3777 1018 3813 ,·
1100 3827 1105 3836 ι

95 3846 338 3939 Omniaquonr
348 3877 460 3934 rerum
471 3847 655 3942 primordia
668 3855 734 3926 sint
747 3854 790 3920 in
805 3863 914 3934 motu,
