2940 5114
275 417 813 509 'muraneum
995 457 1053 514 ιιι
1154 435 1162 446 ’

92 581 200 663 Atque
216 581 411 646 lacunarum
424 584 555 648 fuerant
563 585 700 672 vestigia
710 588 864 670 quoique.

91 689 180 750 Tum
188 689 383 770 penetrabat
392 709 462 771 eos,
473 711 569 773 posse
577 693 659 754 haec
666 737 676 774 ,
687 693 863 772 liquefacta
876 693 999 778 calore,

93 790 286 876 Quamlibet
294 792 330 872 in
343 793 484 856 formam
494 805 526 858 et
536 795 654 858 faciem
667 799 840 861 decurrere
852 789 978 881 nemin,

91 899 132 960 Et
143 917 297 980 prorsum
306 898 459 978 quamvis
468 897 505 960 iu
523 907 618 962 acuta
628 919 666 963 ac
678 901 789 963 tenuia
802 921 897 984 posse

91 989 292 1062 Mucronum
303 1003 381 1066 duci
393 1003 524 1088 fastigia
537 995 767 1089 pro'eudendo,
831 1047 835 1056 ·

91 1105 136 1167 Ut
146 1103 209 1168 sibi
222 1107 286 1167 tela
298 1118 430 1190 parent,
441 1109 606 1191 silvasque
618 1120 650 1175 et
661 1115 797 1176 caedere
807 1113 946 1197 possint,

91 1210 331 1292 Materiemque
342 1214 469 1297 dolare,
481 1217 659 1280 laevereac
669 1220 784 1282 radere
799 1219 909 1308 tigna,
999 1276 1001 1281 .

91 1317 131 1379 Et
145 1319 309 1382 terebrare
317 1317 433 1402 etlam
443 1341 482 1383 ac
493 1323 704 1404 pertundere,
715 1339 840 1406 perque
852 1325 972 1390 forare
1041 1355 1047 1367 ·

131 1429 200 1489 Nec
208 1445 319 1490 minus
329 1436 466 1513 argento
475 1428 582 1492 facere
593 1431 833 1511 haecaurcque
841 1434 1018 1514 parabant,

91 1532 202 1616 Quam
211 1528 477 1612 valrdrprrmutn
480 1531 635 1596 violentis
645 1533 770 1600 vrrrbus
781 1554 889 1599 aens

91 1634 339 1714 Nequidquam
351 1634 509 1716 quoniam
522 1637 751 1711 cedebatvicta
753 1649 919 1736 potestas,

91 1740 157 1802 Nec
167 1741 429 1822 poteratpariter
437 1742 557 1804 durum
571 1739 708 1806 sufferre
722 1721 883 1808 laborem.
936 1759 940 1794 ³
1045 1753 1047 1760 ’

91 1845 175 1906 Nam
188 1844 252 1907 fuit
263 1845 299 1906 in
313 1829 421 1928 pietio
432 1846 535 1933 magis
547 1869 617 1931 aes,
626 1869 812 1931 aurumque
821 1851 948 1916 iacebat

91 1953 231 2034 Propter
241 1951 469 2037 inutilitatem,
484 1954 595 2018 hebeti
610 1976 769 2020 mucrone
780 1968 944 2021 retusum:

90 2058 187 2120 Nunc
198 2055 282 2120 iacet
291 2060 870 2152 aes,au1uminsummumsuccessit
880 2065 1052 2124 bonorem.

89 2162 142 2230 Sic
152 2166 325 2230 volvunda
336 2176 424 2232 aetas
437 2176 617 2231 commutat
628 2178 778 2252 tempora
791 2189 920 2232 rerum:
977 2167 1051 2248 1275

90 2271 264 2354 Quodfuit
275 2272 312 2335 in
322 2273 446 2356 pretio,
455 2273 493 2337 fit
505 2277 599 2338 nullo
609 2274 753 2356 denique
767 2277 912 2353 honore3

89 2378 194 2440 Porro
205 2373 297 2438 eliud
306 2379 463 2460 succedit,
478 2390 510 2442 et
521 2400 540 2443 e
550 2379 768 2444 contemtibus
781 2379 861 2461 exit,
887 2407 891 2416 ·

22 2479 24 2486 '
88 2477 197 2556 Inque
208 2476 278 2541 dics
288 2478 392 2566 magis
404 2482 755 2566 appetitur,dcretque
765 2491 934 2566 repertum

89 2584 277 2666 Laudibus,
290 2595 322 2648 et
335 2586 423 2650 miro
437 2588 606 2652 mortaleis
616 2588 912 2660 interbonoreest.
1009 2607 1012 2616 ·
1043 2617 1045 2624 ⁴

129 2694 229 2754 Nunc
245 2691 315 2774 tibi,
328 2713 395 2774 quo
405 2704 502 2776 pacto
516 2695 596 2757 ferri
611 2706 729 2758 natura
745 2706 875 2780 reperta

88 2798 152 2881 Sit,
165 2799 264 2862 facile
278 2809 325 2863 est
339 2799 403 2883 ipsi
414 2821 475 2884 per
490 2811 522 2863 te
531 2799 751 2888 cognoscere,
764 2803 912 2867 Memmi.

130 2909 232 2970 Arma
243 2907 395 2989 antique,
407 2900 538 2991 riiauus,
551 2929 694 2995 ungues,
713 2911 893 2990 dentesque
905 2913 1053 2994 fuerunt,
1153 2935 1157 2946 ¹

89 3009 131 3070 Et
139 3007 286 3092 lapides,
304 3009 443 3091 etitem,
459 3011 619 3074 silvarum
634 3011 819 3096 fragmina‚'
832 3013 934 3089 rami3

92 3114 143 3195 Et,
148 3112 1053 3234 flammaatqueignespostquamsuntcoguitaprimum,
1121 3131 1132 3146 ·

89 3219 259 3283 Posterius
271 3217 397 3284 ferri
365 3239 415 3280 vis
431 3229 478 3282 est
495 3219 644 3300 aerisque
661 3231 809 3303 reperta·

89 3327 131 3388 Et
145 3325 241 3408 prior
253 3323 340 3388 aeris
356 3335 443 3407 erat,
456 3345 555 3406 quam
565 3326 660 3410 ferri,
675 3328 825 3414 cognitus
839 3348 932 3406 usus3
1015 3388 1017 3392 .

90 3436 169 3520 Quo
181 3432 287 3496 facilis
298 3432 402 3520 magis
413 3442 460 3498 est
473 3444 608 3516 natura,
624 3446 656 3499 et
671 3435 766 3519 copia
779 3431 897 3500 maier.
1162 3501 1164 3505 .

88 3543 177 3604 ¹iere
186 3542 296 3607 solum
308 3548 415 3604 terrae
425 3541 624 3623 tremebant,
640 3561 781 3622 aereque
796 3540 878 3606 belli
946 3561 948 3566 ·
1057 3527 1082 3591 θ
1185 3531 1188 3536 ’

90 3646 277 3710 Miscebaut
291 3647 425 3728 fluctus,
441 3655 474 3709 et
485 3647 622 3710 volnera
634 3656 723 3710 vasta
733 3650 900 3728 serebant,

90 3757 133 3819 Et
146 3773 248 3840 pecus
257 3767 356 3838 etque
366 3773 462 3843 agros
473 3755 681 3819 adimebant:
698 3775 777 3837 nam
789 3755 887 3820 facile
898 3755 974 3821 ollis

93 3859 224 3924 Omnia
238 3859 397 3938 cedebant
414 3857 550 3931 umetis
567 3841 658 3926 buda
673 3867 705 3923 et
718 3855 857 3922 inerma.
