3056 5126
322 435 882 516 DET.LUCRET10.'
986 460 1058 519 xxc
1166 377 1170 386 ¹

89 596 206 697 sophos
225 598 410 671 innumeros
429 623 445 669 e
466 598 579 669 lustris
601 597 737 694 locisque
763 595 895 668 desertis
911 592 1059 667 credibile

90 725 145 778 est
158 708 345 782 iamdudum
358 705 701 803 oonflnxnrossnisse‘,
718 707 748 773 si
760 701 853 774 Deus
869 727 906 773 ac
923 701 1059 772 Notata

90 817 196 888 trusis
225 820 420 900 animalibus
446 819 593 915 loquendi
619 815 836 909 scribendique
856 811 1059 910 facultatem
1163 854 1164 858 =
1278 864 1283 880 .

88 925 327 1018 concessissent.
372 931 449 1029 Ipsa
474 932 558 999 enim
574 926 682 1025 sacile
703 929 884 1025 potuissent
903 920 1066 1028 'prolixas'

90 1062 278 1108 crassatum
305 1039 574 1132 imaginationum
600 1038 882 1106 concatenationes
901 1036 968 1106 sive
987 1059 1059 1104 car·

90 1151 179 1220 mine
194 1152 261 1220 sive
272 1151 388 1220 soluta
403 1151 564 1222 oratione.
587 1163 700 1218 ornate
715 1163 748 1217 et
768 1148 888 1244 copiose
906 1144 1059 1216 deducere

90 1278 127 1334 ct
139 1287 301 1336 enarrare.
317 1260 472 1333 Hoc'vero
478 1262 607 1359 proprie
612 1257 837 1358 philosophari
845 1284 908 1329 non
924 1273 990 1332 est.
1003 1256 1061 1329 stol

92 1360 279 1442 materialia
296 1359 508 1465 naalma
522 1361 580 1444 ttool
597 1362 837 1464 pacissima
851 1370 943 1460 inani
961 1395 1059 1469 opera

91 1507 266 1553 recensere.
292 1481 390 1554 Haec
416 1481 590 1555 Henricus
617 1481 765 1573 Morus,
789 1479 1000 1577 Theologus
1022 1493 1060 1551 et

93 1586 334 1686 Philosophus
359 1591 523 1690 Angl'us,
549 1590 587 1662 in
607 1587 866 1666 confutatione
881 1589 1059 1667 Cabbalae
1139 1678 1143 1687 Ι

91 1696 526 1796 Aetapaedomelissaeae,
542 1698 651 1776 Tam.
674 1703 701 1773 i
730 1703 831 1798 Opp.
849 1701 1058 1798 Philosoph.

91 1833 173 1908 Pag·
189 1830 269 1899 5²7·
1079 1911 1080 1914 ,

143 1918 413 2003 Invocationem
434 1919 602 2003 Veneris,
631 1918 668 1986 in
694 1915 820 1989 limine
842 1917 923 1987 libri
950 1917 1059 2012 primi

94 2026 253 2096 Lucretii
263 2026 459 2148 ‚exposuit
472 2024 613 2096 Gallicis
623 2025 782 2096 versibus
795 2026 959 2119 pluribus
969 2027 1061 2095 Ροό-

94 2132 163 2205 tria
186 2131 461 2232 ingeniosissima
479 2133 725 2217 Deshoulietia
747 2133 852 2229 Tom.
866 2134 910 2203 11.
935 2134 1060 2204 carmi·
1123 2133 1126 2147 '

94 2268 212 2332 num,
225 2244 406 2316 editorum
421 2243 723 2318 GalliceBruxell.
741 2245 844 2328 1708.
867 2245 991 2341 8pag.
1006 2245 1061 2314 80

26 2403 28 2408 -
93 2345 260 2427 imitation
281 2355 319 2427 cle
330 2357 495 2431 anrece
520 2381 558 2427 en
568 2357 763 2451 galimattas
765 2357 843 2460 fact
854 2383 977 2461 expres
1004 2356 1061 2427 De

93 2465 324 2538 invocatione
338 2467 397 2540 illa
409 2466 587 2541 videndus
601 2469 708 2542 etiam
723 2470 853 2542 Petrus
858 2469 1060 2558 Victorius,

94 2563 501 2671 Epistalaadloannem
521 2579 928 2654 Casam.10.Clerico
896 2606 972 2651 vtro
995 2580 1062 2665 do·

96 2686 252 2759 ctiisimo
264 2687 373 2761 Tom.
389 2687 528 2763 XXVI.
542 2691 634 2762 Bibl.
648 2692 797 2765 selectae
811 2716 886 2790 pag.
911 2712 989 2783 154.
1008 2715 1062 2760 te·

94 2795 360 2890 etiusfacturus
380 2797 484 2870 fuisse
501 2799 646 2871 videtur
670 2799 875 2891 Lucretius,
900 2801 927 2867 si
941 2797 1063 2868 Ratio*

98 2903 184 2972 niem
198 2905 272 2972 sive
282 2903 447 2974 Mentem
459 2920 633 2997 tanquam
647 2903 792 2978 Deum
783 2929 822 2976 m
834 2905 959 2976 limine
975 2914 1063 2999 poe·

99 3011 204 3081 matis
217 3011 358 3104 potius,
372 3037 485 3106 quarn
505 3016 709 3113 Venerem,
730 3015 962 3137 implorasset
989 3010 1062 3085 Sed

34 3197 35 3200 Ἴ
99 3118 307 3209 Lucretius,
321 3119 479 3193 sensibus
498 3125 580 3216 plus
602 3147 712 3249 quam
727 3123 857 3193 rationi
877 3120 1065 3208 tribuens,

101 3245 139 3302 et
163 3232 430 3327 generationem
449 3250 570 3304 terum
593 3234 741 3328 cupiens
757 3255 958 3326 exponere,
980 3231 1066 3304 nul

101 3343 179 3414 lum
199 3343 307 3441 magii
326 3345 519 3439 physicum
538 3369 699 3434 numen,
729 3369 840 3439 quam
858 3338 1064 3432 Venerem,

101 3455 279 3547 appellare
291 3480 327 3525 se
344 3479 444 3552 posse
459 3447 683 3528 existimavit.v
696 3453 740 3526 111
757 3453 965 3526 Lucretium
984 3451 1065 3524 scti-
1122 3463 1123 3466 ’

103 3579 221 3654 pserat
234 3563 321 3636 olim
340 3563 602 3660 Velianongus
617 3565 719 3636 cuius
735 3562 998 3649 commentarii,
1014 3559 1066 3632 ci·

106 3674 200 3744 tatia
216 3675 372 3747 Charisia
384 3700 465 3777 pag
456 3677 562 3762 &187
576 3676 664 3750 edit
676 3675 837 3748 Putsch.
828 3684 899 3746 ram
902 3669 1062 3840 pridem

106 3780 323 3858 intercidere
1018 3826 1021 3832 ·
