3056 5126
439 393 519 450 v111
670 373 715 444 T.
766 368 1162 449 LUCRETII

441 533 628 606 Cornelius
652 533 827 608 Lentulus
849 532 1042 628 Spinther,
1067 534 1116 639 Q.
1141 535 1271 608 Fabius
1291 537 1406 612 Maxi·

358 727 364 734 .
439 671 521 718 mus
546 643 786 731 Verrucosus,
811 645 852 716 L.
879 645 1066 718 Cornelius
1091 645 1189 742 Sylla
1211 647 1336 747 Felirr,
1365 653 1405 722 L.

438 751 654 849 Calpurnius
669 753 750 826 Piso
769 755 874 854 Frugi
883 781 895 842 3w
916 771 952 826 et
973 754 1055 846 alii,
1075 779 1168 852 quos
1185 747 1338 856 longum
1361 760 1406 832 sit

438 887 655 937 enumerare.

488 975 586 1046 Haec
611 991 716 1064 suut,
740 999 833 1069 quae
858 975 906 1047 de
920 974 969 1046 T:
984 974 1139 1049 Lucretii
1160 999 1288 1074 genere
1310 999 1406 1048 com·

438 1075 539 1178 perta
551 1099 645 1151 sunt.
659 1081 832 1154 Eusebius
853 1101 972 1156 autem
990 1084 1168 1176 Bamphili
1188 1084 1226 1154 F.
1241 1110 1326 1156 eum
1347 1111 1405 1158 na·

438 1204 519 1260 tum
536 1213 607 1260 esse
618 1190 765 1262 tradidit
781 1191 1003 1287 Olympiade
1016 1211 1156 1281 CLXXI,
1175 1195 1245 1264 hoc
1261 1209 1322 1280 est,
1338 1196 1402 1266 Cn.

436 1296 606 1374 Domitio
630 1297 899 1389 Ahenobarbo,
924 1320 969 1394 etl
984 1301 1070 1373 Caio
1094 1303 1210 1374 Cassio
1235 1305 1402 1402 Longino

438 1407 534 1478 Coss.
559 1432 655 1480 anno
677 1409 730 1480 ab·
746 1408 798 1486 U,
811 1409 851 1480 G.
871 1429 1041 1483 Dctv111.
1068 1410 1165 1502 Alii,
1184 1413 1402 1510 Olympiade

439 1521 686 1606 chx11,hoc
711 1538 783 1612 est,
809 1521 848 1590 P.
873 1523 1171 1618 LicinioCrasso,
1196 1541 1232 1598 et
1254 1527 1300 1631 Q
1322 1527 1404 1600 Mu·

437 1626 495 1698 cio
515 1626 682 1702 Scaevola
707 1631 800 1702 Coss.
820 1654 876 1700 an.
891 1629 937 1702 ab
966 1630 1008 1700 U.
1027 1631 1066 1702 C.
1085 1651 1218 1706 ncux.
1255 1633 1308 1704 Ex
1326 1661 1402 1728 quo

437 1756 607 1830 apparet,
634 1767 718 1814 eum
733 1743 783 1814 M.
799 1742 922 1813 Tullio
951 1741 1123 1814 Cicerone
1139 1745 1238 1816 annis
1252 1765 1319 1816 ΧΠ.
1339 1764 1404 1820 aut

436 1860 491 1912 x1.
517 1863 604 1918 natu
634 1847 813 1920 minorem
842 1847 964 1934 fuisse;
993 1849 1171 1943 siquidem
1196 1853 1403 1926 M-Tullius

436 1975 541 2025 natus
573 1947 625 2030 est
654 1962 701 2066 Q.
732 1957 882 2032 Servilio
909 1959 1120 2056 Caepione,
1148 1983 1184 2035 et
1207 1967 1248 2040 C.
1275 1967 1402 2040 Attilio

435 2059 570 2136 Sarano
591 2067 684 2138 Coss.
698 2067 743 2136 Et
765 2068 815 2140 ita
825 2067 870 2137 T.
886 2068 1096 2142 Lucretium
1113 2069 1268 2163 Carum,
1284 2075 1322 2146 C.
1344 2075 1403 2147 lu·

436 2169 531 2240 lium
549 2172 756 2261 Caesarem,
778 2176 826 2281 Q
840 2175 1006 2249 Tullium
1023 2179 1255 2272 Ciceronem,
1272 2185 1312 2256 C.
1328 2187 1403 2259 Va-

436 2275 566 2348 lerium
586 2279 793 2372 Catullum,
823 2277 866 2354 T.
886 2279 1136 2381 Pomponium
1154 2291 1336 2384 Atticum,
1365 2311 1402 2366 et

408 2381 571 2458 'horum
596 2392 761 2484 aequales
786 2415 863 2464 non
889 2395 998 2493 longe
1023 2397 1224 2486 admodum
1247 2405 1340 2476 inter
1364 2431 1401 2478 se

434 2498 611 2571 aetatibus
638 2502 810 2576 distitisse.

487 2611 603 2714 Quod
625 2613 672 2683 ad
686 2615 779 2688 vitae
800 2619 961 2694 studium
984 2624 1136 2716 attinet,
1157 2625 1325 2700 credibile
1349 2645 1402 2702 est

436 2717 670 2831 Lucretium,
695 2749 780 2798 cum
803 2729 851 2800 ad
872 2735 1052 2825 po'e'ticarn
1074 2755 1110 2811 et
1134 2739 1414 2835 philosophiam

435 2846 540 2902 natus
555 2851 662 2922 esset,
674 2836 905 2934 ,ingenioque
927 2869 992 2915 suo
1015 2845 1225 2946 indulgens,
1239 2867 1285 2926 ,et
1303 2870 1401 2926 natu·

341 2966 343 2969 ·
435 2965 511 3016 ram
534 2968 633 3016 suam
656 2947 786 3022 ducem
804 2972 961 3048 securus,
985 2957 1246 3056 philosophiam
1268 2964 1400 3058 Epicu-

433 3078 530 3128 ream
554 3061 801 3154 approbasset,
829 3083 871 3138 ut
895 3070 1066 3142 solutiore
1093 3075 1215 3148 animo
1236 3092 1272 3148 et
1297 3065 1400 3150 com·
1457 3075 1458 3082 ἵ

394 3241 404 3254 ‚
432 3167 579 3242 modius
601 3171 841 3270 philosophari
866 3199 1005 3272 posset,
1033 3205 1106 3252 sese
1130 3179 1287 3258 Athenas
1310 3213 1400 3262 con-

433 3277 572 3364 tulisse,
607 3279 734 3372 ibique
767 3285 956 3356 Zenonem
990 3289 1116 3381 illum,
1139 3291 1398 3394 Epicureorum

434 3382 711 3478 Cory'phaeum,
734 3391 927 3483 audivisse,
948 3414 1059 3490 atque
1071 3401 1141 3474 hoc
1154 3419 1261 3497 pacto
1281 3425 1395 3484 totam

307 3529 313 3545 ·
433 3489 577 3585 Epicuri
610 3495 833 3600 disciplinam
863 3524 1024 3582 accurate
1051 3517 1257 3612 cognovisse
1285 3535 1399 3616 atque

431 3602 668 3695 perdidicisse.
946 3677 947 3680 ,
1394 3673 1396 3676 -

483 3709 579 3782 Cum
603 3733 688 3786 esset
705 3719 813 3816 igitur
829 3723 1014 3799 Lucretius
1026 3729 1072 3803 acl
1085 3733 1263 3826 poeticam
1275 3733 1398 3808 lactus

433 3836 557 3899 natura
569 3875 582 3916 ,
596 3824 804 3926 ingeniique
818 3837 985 3910 acumine
1005 3844 1217 3933 excelleret,
1241 3863 1399 3918 contern-
