3056 5126
354 405 382 460 x
582 385 628 455 r.
679 379 1072 486 tuourrrr

404 545 493 620 Satis
511 569 598 618 vero
614 543 798 616 interdurn
819 543 937 614 mirari
957 567 1033 614 non
1048 567 1213 637 possum,
1229 565 1323 638 quae

355 673 454 731 tanta
472 656 580 728 fuerit
600 654 638 725 in
658 652 885 760 Quintiliano
902 651 1027 723 iudicii
1042 655 1267 747 perversitas,
1283 672 1325 725 ut

356 767 516 861 primum
541 787 625 835 curn
644 763 768 834 Macro
789 761 1020 848 Lucretium,
1048 763 1213 852 hoc-est,
1238 787 1324 836 cum

355 897 479 946 musca
500 872 753 964 elephantum,
773 871 1002 963 compararit,
1026 893 1111 943 cum
1138 873 1208 942 sint
1230 872 1325 942 inter
1345 945 1348 950 Δ

355 1007 392 1054 se
405 982 560 1054 maxime
574 978 728 1073 dispares
741 1002 781 1049 ac
801 977 993 1052 dissimiles.
1025 978 1189 1050 Macrum
1202 995 1325 1051 autem
1361 971 1365 974 ’

356 1116 443 1164 eum
456 1091 635 1190 significo,
654 1113 767 1182 quem
791 1087 1040 1192 Quintilianus
1058 1105 1213 1160 noverat.
1232 1090 1324 1160 Nam

355 1203 405 1290 is,
424 1203 488 1294 qui
502 1199 611 1275 hodie
633 1199 738 1270 estin
812 1196 938 1282 nibus,
962 1220 1039 1268 non
1052 1215 1102 1270 est
1116 1196 1237 1268 Macer
1248 1223 1326 1295 ger·

292 1307 296 1316 ’
356 1337 506 1400 manus,
534 1311 595 1382 sed
609 1313 736 1402 aliusq
778 1309 863 1380 darn
878 1305 1155 1400 pseudomacer,
1177 1305 1214 1375 in
1232 1307 1328 1378 anti-

358 1421 424 1515 qui
441 1438 477 1492 et
499 1422 571 1492 veri
588 1419 695 1491 Macri
712 1407 837 1490 locum
853 1414 1027 1497 subditus·
1060 1415 1203 1487 Deinde
1217 1418 1327 1512 scrip-

357 1532 459 1620 serit,
473 1549 673 1628 utrumque
688 1555 759 1602 esse
773 1529 923 1624 quidem
938 1529 1151 1626 legendum,
1172 1531 1233 1600 sed
1248 1553 1326 1602 non

360 1659 403 1712 ut
430 1642 592 1736 phrasin,
617 1643 653 1712 id
678 1657 752 1727 est,
767 1663 895 1733 corpus
921 1639 1171 1731 eloquentiae,
1188 1639 1327 1709 iaciant.

359 1753 544 1825 Postremo
560 1751 785 1826 subiunxerit
798 1801 810 1838 ,
829 1753 1026 1848 elegantem
1039 1775 1110 1820 esse
1123 1769 1323 1843 utrumque

358 1867 397 1937 in
417 1890 479 1936 sua
504 1865 676 1961 materias
696 1865 759 1936 sed
776 1865 929 1934 alterum
952 1862 1150 1950 humilem,
1173 1863 1327 1932 alterum
1366 1909 1383 1934 .

360 1976 552 2047 difficilem.
578 1977 668 2045 Nam
685 1977 844 2068 primurn
859 1972 1044 2045 Lucretius
1062 1973 1220 2045 nonfuit
1242 1997 1325 2045 cum

359 2083 794 2178 Ma'c10‚comparandus,
819 2101 1007 2176 propterea
1032 2086 1136 2176 quod
1154 2084 1245 2154 nihil
1269 2085 1330 2153 ha·

359 2195 451 2266 bent
467 2199 561 2266 inter
574 2219 609 2266 se
628 2196 749 2266 simile.
779 2194 921 2266 Deinde
939 2195 1041 2287 quod
1055 2215 1181 2296 negat,
1197 2195 1331 2266 Lucre-

361 2303 402 2373 tii
426 2305 619 2377 lectionem
650 2304 780 2373 oratori
807 2303 974 2396 prodesse
999 2329 1100 2398 posse
1127 2305 1174 2376 ad
1199 2327 1329 2398 corpus

246 2463 251 2474 ι
328 2495 331 2502 ,
361 2414 590 2506 eloquentiae
605 2412 921 2500 constituendum,
938 2415 1026 2484 nihil
1041 2438 1203 2507 unquam
1216 2415 1331 2520 Quin·

360 2524 501 2600 tilianus
518 2526 636 2598 minus
657 2549 739 2596 vere
766 2527 908 2596 locutus
933 2544 993 2599 est.
1013 2525 1109 2596 Nam
1131 2527 1203 2598 sive
1220 2525 1331 2598 verba

332 2719 336 2726 Ι
362 2634 554 2729 simplicia,
570 2659 609 2704 ac
623 2635 784 2728 propria,
800 2651 836 2704 et
851 2635 1098 2705 elocutionem
1112 2636 1221 2730 ipsam
1237 2659 1331 2729 spec·

362 2763 435 2833 tes,
451 2747 571 2838 paucis
591 2744 792 2816 admodum
806 2743 922 2815 verbis
942 2745 1121 2838 exceptis,
1138 2771 1231 2838 quae
1243 2757 1332 2839 poe'·

363 2871 399 2926 ta
412 2871 475 2925 aut
498 2876 563 2926 suo
587 2855 664 2926 iure
684 2853 811 2941 finxit,
837 2870 897 2925 aut
911 2853 956 2925 ab
971 2855 1088 2926 Ennio
1103 2871 1139 2926 et
1160 2855 1233 2926 aliis
1250 2857 1330 2926 licta

363 2965 567 3060 usurpavit,
582 2982 701 3061 potest
715 2981 832 3039 orator
845 2992 891 3038 ex
904 2969 1074 3038 sermonis
1086 2992 1236 3068 genere,
1252 2973 1330 3060 quo

362 3074 546 3147 Lucretius
566 3095 618 3150 est
636 3103 738 3167 usus,
761 3077 962 3150 orationem
984 3102 1084 3148 suain
1099 3080 1236 3148 efficere
1257 3077 1332 3172 pri-

323 3245 325 3248 -
362 3215 466 3262 mum
486 3191 669 3284 puriorem
684 3207 795 3282 atque
805 3188 1073 3285 elegantiorem,
1088 3187 1222 3258 deinde
1239 3189 1332 3272 ube-

362 3304 493 3376 tiorem
508 3325 548 3370 ac
562 3302 786 3373 nitidiorem:
803 3302 875 3370 sive
889 3315 925 3368 te
939 3299 984 3374 ad
997 3321 1116 3369 rerum
1132 3299 1332 3370 tractanda-

287 3469 292 3473 .
362 3435 445 3482 rurn
458 3410 633 3480 rationem
650 3426 854 3496 convertas,
869 3407 996 3496 habet,
1012 3407 1111 3479 unde
1123 3407 1235 3481 iacere
1249 3433 1331 3502 pos·

364 3521 408 3590 sit
417 3519 616 3590 orationem
627 3518 829 3606 elatiorem,
842 3517 1081 3618 grandiorem,
1089 3520 1331 3592 excelsiorem.

414 3629 740 3734 Quemadmodum
757 3631 852 3702 enirn
873 3631 924 3702 M.
938 3632 1079 3709 Tullius
1099 3631 1271 3702 Periclem
1289 3630 1333 3697 il-

363 3744 462 3825 lum,
477 3743 541 3833 qui
557 3741 749 3840 fulgurare,
762 3757 910 3832 tonare,
924 3744 1134 3835 permiscere
1149 3737 1333 3810 Graeciam

366 3849 576 3942 dicebatur,
595 3877 638 3924 eo
656 3853 778 3924 ceteris
793 3853 992 3926 oratoribus
1004 3849 1214 3945 praestitisse
1227 3845 1332 3934 dicit,
