3056 5126
349 485 354 498 ,
397 445 436 488 10
603 415 1127 498 unnnnuuutrunn
1187 420 1311 481 mss.

395 563 536 634 Seminis
548 572 591 632 ad
603 568 779 650 coitum„e
798 566 904 630 nihilo
919 566 948 628 si
962 585 1105 630 creseere
1118 575 1261 658 possent.

384 677 481 746 ,Nam
492 672 755 737 ,fierentiuvenes
770 671 878 733 subito
892 691 933 734 ex
942 669 1119 732 infantibu’
1132 670 1260 754 parvis,
1318 695 1320 700 ·

395 779 423 840 E
439 789 605 858 terraque,
616 783 727 837 exorta
740 781 892 855 repente,
906 775 1038 836 arbusta
1051 773 1198 840 salirent·
1301 759 1305 768 ’

386 887 546 968 7Ωιιοιίιιιι
563 881 612 944 nil
626 878 699 943 fieri
713 877 924 942 manifestum
937 889 999 962 est,
1016 879 1131 942 omnia
1142 879 1276 962 wando
1300 889 1305 902 “

394 969 570 1052 Paullatim
580 994 746 1068 creseunt,
763 993 801 1046 ut
818 999 879 1068 par
892 993 951 1066 est,
971 983 1095 1048 semine
1106 995 1207 1064 oert03
1288 1050 1292 1066 ,

397 1094 646 1173 Crescendoque
660 1109 765 1174 genus
782 1099 928 1151 servant:
946 1097 982 1150 ut
999 1107 1133 1154 nosoere
1148 1091 1252 1174 possis
1342 1113 1347 1124 ’

396 1195 556 1278 Quaeque
570 1191 684 1254 suade
701 1189 838 1252 materia
850 1193 1079 1278 grandescere,
1093 1195 1212 1276 alique.

362 1359 366 1372 ,
436 1303 512 1362 Huc
525 1295 664 1380 aceedit,
681 1297 730 1358 uti
743 1296 813 1360 sine
829 1298 924 1361 certis
934 1297 1097 1364 imbribus
1111 1301 1193 1366 anni

395 1401 569 1468 Laetificos
586 1408 727 1492 nequeat
741 1400 825 1468 fetus
840 1401 1045 1466 summittere
1059 1404 1172 1476 tellusa

397 1513 466 1574 Nee
479 1531 595 1594 porro,
607 1517 731 1572 secreto
745 1507 836 1590 cibo,
852 1517 971 1572 natura
986 1509 1193 1572 animantum

399 1616 587 1701 Propagare
601 1634 704 1701 genus
719 1614 837 1696 possit,
850 1614 1021 1695 vitamque
1038 1615 1141 1679 tueri:

399 1720 446 1782 Ut
457 1719 567 1803 potius
582 1721 695 1784 multis
711 1721 902 1784 eommunia
919 1739 1059 1804 corpora
1074 1722 1172 1785 rebus
1417 1729 1437 1810 i

357 1827 359 1832 ’
399 1823 505 1888 Multa
516 1835 612 1907 putes
627 1845 714 1907 esse,
734 1834 771 1888 ut
784 1826 893 1890 verbis
911 1827 1076 1888 elementa
1085 1825 1251 1906 videmus,
1357 1865 1364 1876 ·

400 1935 508 2018 Quam
522 1931 593 1994 sine
610 1928 783 2014 principiis
799 1932 902 1992 ullam
916 1950 988 1992 rem
1006 1929 1274 2014 existeremus·
1374 1925 1377 1930 “

439 2036 591 2117 Denique
606 2057 692 2118 quur
710 2035 863 2099 homines
881 2043 986 2100 tantos
1003 2043 1123 2100 natura
1140 2053 1257 2118 parare
1298 2051 1362 2096 sou

400 2143 474 2204 Non
486 2142 609 2224 potuit,
624 2141 764 2222 pedibus
779 2139 837 2221 qui
850 2148 991 2222 pontum
1000 2159 1061 2222 per
1070 2141 1157 2202 uada
1169 2148 1302 2222 possent

402 2245 575 2328 Transire,
589 2257 621 2307 et
632 2265 769 2331 magnos
783 2244 934 2308 manibus
943 2244 1101 2308 divellere
1113 2243 1272 2325 monteis,

403 2351 574 2428 Multaque
589 2331 731 2412 vivendo
748 2348 860 2436 vitalia
875 2349 1007 2412 vinoere
1017 2353 1125 2428 seola;

404 2453 531 2534 Sinon,
547 2453 699 2516 materies
714 2454 792 2535 quia
807 2455 907 2516 rebus
918 2453 1046 2515 reddita
1065 2463 1152 2521 certa
1162 2461 1210 2516 est

405 2557 611 2644 Gignundis,
629 2579 724 2640 equa
739 2569 863 2622 constat
879 2557 960 2640 quid
971 2555 1073 2640 possit
1087 2556 1192 2621 oriri?
1219 2643 1221 2649 y

233 2653 236 2658 ’
272 2669 284 2674 ”
405 2664 460 2725 Nil
471 2663 574 2748 igitur
584 2662 658 2726 fieri
669 2666 709 2726 de
721 2665 793 2727 nilo
806 2683 899 2747 posse
912 2665 1081 2727 fatendum
1091 2673 1157 2742 est;
1269 2651 1272 2658 ’

406 2773 538 2837 Semine
550 2773 684 2854 quondo
698 2792 781 2857 opus
792 2783 838 2837 est
860 2775 973 2853 rebus,
988 2791 1055 2852 quo
1066 2791 1215 2853 quaeque
1232 2779 1365 2838 creatae

404 2875 546 2944 Aeris'in
563 2889 690 2943 teneras
707 2890 840 2962 possent
855 2879 1040 2962 proferrier·
1048 2895 1155 2942 auras.

444 2986 628 3065 Postremo,
646 2983 805 3064 quoniam
824 2982 956 3046 inoultis
973 2992 1138 3066 praestare
1153 2983 1308 3074 'videmus

404 3089 501 3153 Culta
514 3090 600 3169 loca,
621 3097 653 3150 et
666 3087 819 3154 manibus
825 3088 983 3152 meliores
995 3089 1133 3150 reddere
1146 3089 1248 3169 fetus,
1332 3131 1334 3139 ·

402 3191 479 3254 Esse
494 3189 647 3254 videlieet
657 3189 695 3252 in
709 3189 803 3252 terris
814 3190 1000 3271 primordia
1016 3211 1148 3270 rerum

330 3291 333 3297 ’
403 3303 496 3386 Quae
508 3318 584 3380 nos,
601 3298 759 3360 fecundas
773 3281 938 3362 vortentes
953 3318 1088 3365 vomere
1101 3301 1241 3386 glebas,

364 3405 368 3417 '
403 3407 585 3484 Terraique
600 3399 710 3466 solum
724 3402 929 3488 subigentes,
947 3401 1051 3468 cimus
1066 3407 1110 3466 ad
1127 3415 1227 3470 ortus.

404 3511 505 3594 Quod
519 3508 548 3572 si
564 3509 657 3571 nulla
671 3509 796 3589 forent,
812 3517 927 3572 nostro
938 3509 1012 3574 sine
1023 3529 1174 3594 quaeque
1188 3515 1320 3598 labore,
1335 3524 1342 3544 *
1360 3561 1361 3566 η

403 3618 527 3700 Sponte
539 3634 616 3697 sna,
634 3617 742 3678 multo
759 3613 833 3698 fieri
847 3617 983 3680 meliora
996 3619 1134 3686 uideres.
1259 3609 1260 3612 ¹

446 3723 521 3784 Huc
537 3719 682 3802 accedit,
697 3719 747 3782 uti
760 3718 905 3804 quidque
916 3721 953 3786 in
968 3711 1181 3808 suaxeorpora
1193 3744 1327 3791 rursum

406 3827 714 3911 Dissolvatnatura,
731 3847 839 3910 neque
851 3830 894 3890 ad
911 3826 1054 3896 nihilum
1064 3829 1302 3898 interimatres.
