3034 5114
372 475 579 540 muna
618 476 671 541 11.
709 444 839 560 nen!
1042 481 1083 544 aa

117 617 266 704 Mevolt,
280 639 382 703 qrram
396 620 503 686 laticis
512 621 687 705 proprium
705 621 1044 706 prolerrevocamen3
1115 689 1123 714 Ι
1211 657 1214 678 .

113 732 365 810 concedamus,
385 738 422 792 nt
433 728 489 792 hie
501 737 663 792 terrarum
681 727 807 794 dictitet
824 731 943 794 orbem

116 834 319 902 FsseDerlm
337 844 495 918 matrem,
507 837 591 898 dum
605 855 684 898 vera
696 857 733 900 re
751 845 862 900 tamen
878 835 960 919 ipse.

157 947 267 1025 Saepe
281 941 407 1023 itaque,
420 963 462 1006 ex
477 962 547 1006 uno
561 945 734 1008 tondentes
742 943 893 1032 gramine
905 966 1040 1030 campo,

115 1044 304 1131 Lanigerae
319 1047 482 1129 pemtdes,
498 1056 534 1113 et
550 1066 710 1127 equorum
725 1047 1006 1133 duellicaproles,

116 1149 342 1230 Buoeriaeque
351 1169 490 1235 greges,
507 1151 624 1212 eodem
645 1149 865 1239 subtegmine
881 1151 981 1236 coeli,

117 1258 165 1318 Ex
181 1275 320 1336 unoque
331 1247 422 1318 sitim
432 1257 583 1320 sedantes
594 1256 730 1320 flumine
747 1261 865 1341 aquai,

117 1357 282 1423 Dissimili
295 1357 412 1422 vivunt
422 1359 546 1442 specie,
565 1361 728 1425 retinente
744 1371 915 1444 parentem

117 1471 296 1548 Naturam,
311 1469 344 1529 et
356 1486 464 1532 mores
473 1467 659 1554 generatim
671 1468 1024 1550 quaequeimitanturs

118 1577 226 1637 Tanta
242 1583 308 1656 est,
320 1575 358 1638 in
371 1575 489 1657 quovis
502 1595 626 1664 genere
638 1575 783 1656 herbae,
793 1575 945 1638 materiai
1088 1559 1093 1570 κ

118 1667 298 1746 Dissimilis
314 1681 418 1768 ratio,
434 1691 587 1748 tanta-est
601 1681 638 1744 in
651 1680 788 1745 flumine
804 1700 948 1762 quoque.

118 1789 208 1853 Hinc
221 1807 325 1873 porro
340 1789 492 1870 quemvis
504 1789 707 1860 animantem
723 1809 764 1852 ex
783 1788 939 1852 omnibns
952 1803 1020 1852 nna

121 1897 216 1978 Ossa,
228 1915 343 1978 cruor,
356 1913 477 1978 venae,
490 1898 593 1970 calor,
606 1898 744 1974 humor,
753 1893 895 1974 viscera,
912 1893 1020 1976 nervi,
1081 1905 1086 1914 ’

122 2005 347 2084 constituunt3
368 2018 672 2090 quaesuntporro,
692 2004 847 2070 distantia
859 2005 977 2094 longe,

123 2112 280 2176 Dissimili
294 2113 441 2195 perfecta
453 2109 560 2198 ligura
575 2109 828 2194 principiorum.
1022 2115 1087 2192 671¹
1185 2111 1197 2126 “
1227 2125 1231 2137 “

132 2237 136 2244 ’
161 2219 248 2280 Tum
260 2235 364 2300 porro
371 2235 590 2298 quaecunque
603 2215 676 2300 igni
686 2217 852 2280 flammata
866 2227 1068 2299 crementur,

123 2322 155 2386 Si
167 2322 218 2386 nil
227 2333 415 2407 praeterea,
430 2333 541 2384 tamen
554 2323 636 2384 haec
651 2319 687 2384 in
698 2333 838 2405 corpore
849 2323 999 2403 aluntur,

123 2430 218 2492 Unde
230 2427 342 2514 ignem
358 2426 481 2508 iacere,
498 2427 654 2490 etlumen
666 2424 885 2506 summittere,
900 2425 1045 2508 possint3

121 2533 349 2614 Scintillasque
366 2552 479 2619 agere,
497 2534 613 2598 aelate
625 2528 758 2598 differre
772 2530 933 2596 favillam.

163 2643 279 2704 Cetera
295 2636 460 2703 consimili
475 2638 595 2702 mentis
610 2637 739 2702 ratione
756 2631 953 2724 peragrent,

124 2745 275 2810 Invenies
289 2733 392 2830 igitur
405 2745 585 2808 multarum
601 2742 729 2811 nmina
744 2763 857 2809 rerum

123 2854 270 2935 Corpore
285 2849 409 2932 celare,
423 2859 455 2912 et
467 2846 575 2912 varias
587 2847 744 2912 cohibere
758 2847 891 2933 figruas.

133 3030 138 3040 ,
167 2956 318 3038 Denique
328 2956 434 3018 multa
447 2952 1064 3036 vides,quibuseteoloretsaporuue

125 3059 269 3125 Reddita
283 3069 356 3124 snut
368 3073 445 3122 cum
460 3059 581 3134 odore,
602 3052 754 3137 inprimis
763 3051 921 3134 pleraque
936 3054 1040 3133 dona,

122 3165 300 3254 Religione
313 3163 462 3252 animum
478 3162 569 3245 turpi
583 3179 686 3243 quom
704 3167 839 3243 tangere
856 3166 964 3240 pacto.

121 3280 216 3340 Haec
229 3274 332 3363 igitur
339 3271 447 3370 gratiis
463 3269 585 3334 debent
598 3274 748 3329 constare
759 3261 891 3351 lignei&

122 3383 229 3447 Nidor
240 3383 333 3446 enim
348 3386 515 3462 penetrat,
534 3394 600 3456 qua
611 3377 729 3444 'succus
743 3391 814 3434 non
823 3370 850 3434 it
864 3369 902 3433 in
915 3377 1020 3433 artus:

123 3495 247 3558 Saccus
257 3489 514 3560 hemacorum,
530 3493 564 3545 ct
576 3501 724 3548 seorsum
734 3497 848 3562 sapor,
861 3474 1050 3542 insinuatur
1123 3559 1128 3572 ⁵

120 3599 301 3674 Sensibns;
317 3602 355 3657 ut
367 3611 483 3657 noscas
500 3588 617 3672 primis
634 3582 768 3650 differre
784 3581 909 3671 figuris.

121 3703 310 3770 Dissimiles
328 3699 431 3786 igitur
449 3697 576 3760 tornae
594 3696 821 3782 glomeramen
838 3689 875 3752 in
892 3709 997 3754 unum

121 3806 357 3872 Conveniunt:
376 3815 410 3868 ct
422 3823 475 3866 res
485 3800 649 3884 permixto
664 3789 791 3862 semine
804 3804 963 3867 constant.

161 3914 260 4004 Quin
274 3913 375 3980 etiam
384 3909 507 3998 passim
519 3905 639 3974 nostris
656 3906 694 3974 in
711 3904 860 3971 versibus
873 3900 953 3984 ipsis
