3034 5114
496 522 536 595 84
710 517 775 579 DE
800 517 987 579 RERUM
1006 517 1224 582 ⁴'NATURA
1308 540 1337 582 v.
1356 537 1397 604 47.

488 662 611 728 ‘lactari
625 681 851 746 causa,quan1
866 663 955 744 quod
969 681 1020 724 res
1032 658 1103 744 ipsa
1116 664 1290 745 probetur:
1353 645 1355 653 Α
1373 677 1375 684 ’
1402 679 1407 690 ’

492 771 644 832 Extorres
659 762 748 832 idem
760 766 880 850 patria,
892 767 1057 853 longeque
1069 766 1177 853 fugati
1332 757 1335 762 ’

404 857 411 872 ’
492 873 676 952 Conspectu
690 890 732 932 ex
747 867 938 950 hominum,
951 868 1074 931 foedati
1086 867 1225 932 crimine
1239 868 1344 956 turpi,

492 974 657 1052 Omnibus
670 973 839 1038 aerumnis
851 968 962 1037 affecti
974 970 1131 1056 denique,
1143 972 1280 1054 vivunt,

490 1081 530 1142 Et
542 1097 740 1160 quocunque
753 1087 865 1142 tamen
877 1077 988 1142 miseri
1001 1097 1121 1142 venere
1128 1123 1139 1160 ,
1152 1087 1346 1162 parentant,

489 1187 531 1248 Et
543 1183 654 1270 nigras
667 1189 811 1247 mactant
823 1185 982 1265 pecudes,
992 1193 1025 1246 et
1036 1183 1182 1248 Manibu'
1194 1183 1280 1248 diris

489 1289 627 1354 Inferias
641 1289 792 1368 mittunt3
807 1291 978 1373 multoque
992 1290 1028 1353 in
1042 1294 1140 1356 rebus
1152 1290 1279 1356 acerbis

442 1381 444 1392 ’
489 1396 606 1461 Acrius
618 1398 796 1480 advortuut
808 1396 937 1470 animos
951 1399 994 1459 ad
1006 1395 1214 1484 religionem.

490 1505 566 1586 Quo
578 1500 681 1588 magis
694 1500 730 1564 in
741 1499 850 1564 dubiis
858 1482 1033 1566 ¹hominem
1044 1512 1190 1587 spectare
1202 1501 1340 1588 periclis,

490 1606 666 1690 Convenit,
677 1587 891 1690 arlvorsisque
902 1585 938 1672 in
951 1611 1050 1699 rebus
1065 1629 1215 1692 noscere,
1225 1609 1308 1690 quid
1317 1609 1365 1676 sit.

489 1718 573 1778 Nam
585 1735 682 1778 verae
694 1733 791 1778 voces
802 1725 873 1780 tum
886 1718 1021 1780 dentum
1035 1727 1169 1801 pectore
1186 1721 1228 1784 ab
1241 1719 1313 1782 imo

489 1822 692 1900 Eliciuntur;
705 1832 738 1888 ct
752 1806 890 1906 eripitur
905 1844 1061 1908 persona,
1071 1836 1182 1890 manet
1195 1847 1258 1894 res·
1329 1817 1343 1834 ⁸

529 1928 681 2011 Denique
696 1928 866 2013 avarities,
876 1940 910 1994 et
925 1932 1092 1994 honorum
1107 1951 1204 1996 caeca
1218 1930 1352 2016 cupido,

488 2040 583 2120 Quae
596 2017 733 2102 miseros
747 2035 899 2100 homiues
913 2045 1037 2122 coguut
1053 2041 1284 2105 transcendam
1295 2031 1389 2104 fineis

487 2142 588 2224 Iuris,
599 2152 631 2204 et
645 2141 812 2224 interdurn
821 2189 830 2223 ,
840 2141 944 2206 socios
951 2143 1112 2206 scelerum
1124 2153 1224 2224 atque
1234 2141 1413 2224 utinum,

489 2240 619 2314 Nocteis
631 2249 730 2320 atque
743 2241 812 2306 dies
830 2237 891 2304 niti
903 2251 1089 2324 praestante
1099 2245 1216 2306 labore
1253 2261 1256 2269 ·
1403 2243 1438 2303 62

488 2348 539 2410 Ad
551 2365 695 2412 summas
708 2365 876 2431 emergere
892 2367 987 2429 opes:
1003 2350 1085 2412 haec
1101 2348 1238 2412 volnera
1247 2346 1338 2412 vitae

488 2454 562 2514 Nou
574 2451 759 2516 minumum
774 2461 903 2534 partem
918 2453 1033 2519 mortis
1047 2454 1226 2518 formidine
1240 2456 1383 2518 aluntur.

488 2556 608 2640 Turpis
618 2555 707 2620 enim
716 2557 820 2621 ferme
832 2565 1030 2641 contemtus,
1040 2568 1073 2622 et
1084 2559 1169 2624 acris
1182 2567 1326 2646 egestas,

487 2659 618 2722 Sernota
633 2661 676 2722 ab
691 2659 781 2724 dulci
796 2659 864 2735 vita
878 2661 1067 2745 stabilique,
1079 2663 1252 2747 videntur,

486 2768 527 2829 Et
541 2767 636 2849 quasi
648 2766 718 2832 iarn
731 2767 791 2832 leti
806 2777 918 2852 portas
931 2769 1115 2834 cunctarier
1132 2780 1220 2853 ante.

487 2873 583 2937 Unde
594 2872 759 2956 homines,
775 2873 856 2936 dum
871 2895 920 2958 sc,
937 2875 1020 2940 falso
1036 2885 1160 2942 terrore
1174 2877 1299 2962 coacti,

485 2973 646 3067 Eliirgisse
661 2983 781 3045 volunt
792 2984 909 3070 longe,
922 2985 1087 3073 longeque
1104 3007 1261 3069 remosse,
1299 3045 1303 3050 .

486 3085 654 3173 Sanguine
671 3087 841 3154 civilirem
858 3094 1016 3174 conflant,
1029 3095 1226 3176 divitiasque

488 3195 731 3278 Conduplicant
745 3197 851 3282 avidi,
868 3201 1001 3264 caedem
1017 3205 1116 3266 caede
1128 3203 1393 3268 accumulantes:

487 3300 643 3364 Crudeles
654 3303 800 3387 gaudent
815 3300 852 3364 in
869 3302 953 3386 tristi
968 3305 1084 3371 funere
1096 3301 1221 3373 icauna
1254 3351 1256 3364 .

415 3423 417 3436 ·
485 3406 526 3467 Et
536 3404 816 3493 consanguineum
830 3412 1287 3498 mensasodere,timentque.

527 3507 699 3571 Consimili
710 3508 850 3592 ratione,
865 3515 907 3575 ab
921 3515 1037 3576 eodem
1051 3535 1150 3600 saepe
1163 3517 1282 3581 timore

485 3614 1378 3708 Maceratinvidia:anteoculosillumesre'potentem,
1402 3635 1409 3648 ‘

485 3719 585 3786 lllum
600 3719 798 3803 adspeetnri,
809 3725 900 3788 claro
914 3711 972 3806 qui
984 3727 1108 3794 incedit
1124 3735 1269 3811 honore3

407 3818 410 3826 “
484 3820 551 3903 Ipsi
563 3841 597 3886 se
609 3819 646 3884 in
657 3823 801 3890 tenebris
811 3829 902 3892 volvi
918 3848 1087 3914 coenoque
1100 3846 1293 3917 queruntur.

484 3927 654 3994 Intereunt
666 3931 790 4016 partim
802 3942 981 4002 statuarum
996 3948 1029 4002 et
1041 3939 1184 4011 nominis
1197 3959 1296 4028 ergo,
