3134 5112
372 361 578 440 crocu
617 361 682 426 vr.
724 363 867 444 usur
949 412 951 420 .
1027 369 1126 447 ns,

127 514 167 576 Et
181 509 307 574 iaciunt
317 509 445 597 ignem,
460 529 527 592 quo
538 508 684 589 quoique
694 517 742 572 est
754 529 885 589 cunque
898 510 1069 592 voluntas3

129 620 212 697 Gur,
223 614 342 695 quihus
353 613 523 678 incautum
534 613 640 677 scelus
656 612 840 675 aversabile
854 633 986 694 cunque
999 625 1064 698 est,

127 725 203 785 Non
213 723 298 785 facin
304 732 351 803 nt,
364 720 420 784 icti
429 723 576 782 flammas
587 730 624 781 ut
635 717 775 805 fulguris
787 719 901 785 halent

126 833 264 893 Pectore
275 827 418 912 perfixo,
431 828 595 889 documen
605 825 801 890 mortalibus
814 815 912 890 acre?

127 935 168 994 Et
181 933 307 1016 potius,
319 932 412 993 nulla
423 929 488 994 sibi
501 929 590 1013 turpi
599 927 749 992 conscius
761 926 799 990 iu
810 949 864 1010 re,
941 983 946 996 ,

128 1037 284 1104 Volvitur
295 1037 332 1099 in
346 1037 486 1098 flammis
501 1034 677 1114 innoxius,
691 1033 793 1114 inque
808 1032 960 1116 peditur,

129 1141 278 1204 Turbine
291 1139 423 1203 coelesti
435 1137 543 1202 subito
557 1146 730 1220 conreptus
741 1146 773 1198 et
785 1134 877 1222 igni?
949 1191 970 1216 ,,

169 1249 239 1308 Cur
248 1224 430 1309 etiam'loca'
438 1246 508 1308 sola
520 1253 650 1326 petunt,
662 1241 850 1322 frustraque
860 1243 1035 1306 laborant?

128 1355 181 1416 An
196 1361 266 1414 tum
280 1349 415 1414 brachia
431 1358 663 1428 consuescunt,
678 1345 877 1428 firmantque
887 1349 1047 1422 lacertos?

130 1460 169 1521 In
182 1467 333 1538 terraque
346 1455 450 1518 Patris
459 1475 518 1517 cur
529 1454 632 1516 telum
643 1454 872 1536 perpetiuntur

131 1565 302 1632 Obtundi?
315 1586 375 1628 cur
384 1564 456 1647 ipse
467 1561 560 1644 sinit,
573 1581 680 1643 neque
694 1560 799 1644 parcit
810 1560 846 1624 in
859 1560 1003 1626 hosteis?

170 1669 339 1752 Denique,
350 1691 409 1732 cur
422 1687 592 1748 nunquam
605 1667 698 1728 coelo
710 1665 786 1728 iacit
797 1667 946 1746 undique
959 1685 1045 1749 puro

127 1778 256 1863 Iupiter
273 1778 308 1840 in
324 1789 424 1840 terras
437 1777 578 1856 fulmen,
591 1774 782 1854 sonitusque
792 1775 987 1857 profundit?

129 1885 199 1963 An,
214 1881 315 1945 simul
328 1899 367 1944 ae
382 1881 486 1944 nubes
498 1899 697 1962 successere,
709 1879 800 1962 ipsus
812 1866 990 1944 in‘aestum

130 1985 325 2065 Descendit,
336 2003 440 2068 prope
451 1990 488 2045 ut
498 1981 577 2044 hinc
588 1981 644 2045 teli
657 1983 851 2046 determinet
865 1983 968 2050 ictus?

126 2089 168 2149 ln
180 2107 271 2150 mare
283 2107 352 2168 qua
361 2105 461 2170 porro
472 2085 570 2149 mittit
580 2087 727 2150 ratione?
739 2087 821 2167 quid
830 2091 936 2153 undas
1025 2106 1086 2172 404

130 2193 264 2280 Arguit,
277 2204 309 2255 et
319 2193 481 2272 liquidam
494 2194 633 2274 molem,
647 2212 845 2276 camposque
856 2196 1035 2262 natanteis?

170 2303 358 2379 Praeterea,
370 2298 398 2360 si
409 2299 479 2360 volt
494 2316 667 2360 caveamus
683 2294 833 2384 fulminis
846 2299 963 2386 ictum,

131 2409 199 2470 Cur
210 2404 338 2468 dubitat
349 2404 471 2486 facere,
484 2413 521 2466 ut
534 2404 695 2486 possimus
707 2425 841 2469 cernere
854 2406 1011 2474 missum?

129 2509 163 2573 si
180 2531 241 2573 nec
255 2508 440 2592 opinanteis
449 2519 558 2572 autem
570 2511 640 2571 volt
648 2510 838 2594 opprimere
844 2535 919 2602 rgnr
924 2560 935 2600 ,

130 2620 197 2679 Cur
208 2628 298 2680 tonat
311 2637 351 2702 err
360 2617 419 2680 illa
428 2628 536 2701 parte,
551 2628 587 2679 ut
597 2614 701 2680 vitare
711 2620 890 2698 queamus?

130 2726 199 2788 Cur
215 2725 465 2804 tenebrascere,
480 2732 512 2784 el
523 2722 688 2803 fremitus,
699 2733 732 2785 el
743 2713 932 2808 murmura,
944 2727 1076 2792 concil?

171 2831 211 2892 Et
221 2831 320 2893 simul
332 2830 369 2891 in
379 2832 499 2893 multas
511 2831 632 2912 parteis
644 2823 703 2908 qui
717 2833 850 2892 credere
862 2835 965 2912 possis

129 2933 281 2996 Mittere?
290 2953 333 2996 an
346 2935 411 2995 hoc
421 2931 506 3006 ausis
519 2951 691 3012 nunquam
702 2935 899 2994 contendere
912 2935 1050 3018 factum,
1161 2987 1170 3006 s

129 3043 175 3103 Ut
184 3040 301 3103 fierent
311 3040 395 3105 ictus
406 3059 474 3102 uno
485 3042 547 3104 sub
561 3050 709 3122 tempore
721 3037 852 3120 plures?

128 3148 172 3205 At
182 3164 281 3225 saepe
295 3153 342 3206 est
353 3163 493 3207 nurnero
504 3143 644 3224 factum,
657 3141 795 3222 fierique
808 3161 939 3205 necesse
950 3153 1014 3227 est,

128 3249 174 3308 Ut
186 3248 303 3329 pluere
312 3245 347 3338 in
361 3245 472 3309 multis
486 3244 692 3333 regionibus,
704 3256 737 3308 et
747 3246 864 3310 cadere
879 3245 1030 3332 imbrus,

129 3353 285 3415 Fulmina
294 3353 342 3416 sic
351 3373 420 3416 uno
433 3351 574 3416 fierisub
587 3362 734 3434 tempore
745 3354 859 3415 multa.

170 3467 357 3544 Postremo,
370 3485 429 3525 cur
442 3470 552 3525 sancta
563 3457 671 3524 Dellm
686 3461 838 3541 delubra,
849 3479 993 3542 suasque

129 3567 274 3630 Discutit
286 3567 406 3629 infesto
418 3566 600 3648 praeclaras
613 3561 755 3626 fulmine
764 3563 885 3644 sedeis,

130 3675 172 3735 Et
186 3673 272 3735 bene
284 3673 370 3736 facta
383 3669 490 3734 Dedm
502 3669 624 3757 frangit
640 3667 830 3750 simulacra,
840 3669 973 3750 suisque

130 3779 244 3843 Demit
255 3777 455 3864 imaginibus
466 3777 613 3842 violento
622 3777 758 3858 volnere
767 3775 952 3840 honorem?

231 3881 359 3940 stenelo.
459 3927 460 3934 ,
832 3899 862 3947 ¹5
