3134 5112
508 423 567 498 246
599 391 603 402 “
660 415 765 512 jon
792 417 987 480 nanum
1017 381 1235 482 norunt
1287 436 1429 502 v.1049.

505 558 696 644 Praecepit,
709 559 854 639 ferrique
863 556 933 622 vias
944 555 1089 640 possedit
1097 568 1228 640 apertas
1235 605 1245 640 ,

506 645 671 734 Posterior
680 663 800 748 lapidis
812 662 903 750 venit
918 670 1040 745 aestus,
1051 673 1084 725 et
1094 663 1208 726 omnia
1221 661 1323 746 plena

416 747 419 752 Ι
504 772 638 838 Invenit
652 770 689 834 in
699 771 806 848 ferr03
819 789 927 848 neque
938 769 1038 850 hahet
1051 789 1117 848 qua
1127 779 1249 851 tranet,
1262 777 1299 833 ut
1314 773 1404 832 ante.

387 892 390 898 '
504 881 644 967 Cogitur
655 875 817 942 offensare
831 876 934 962 igitur
948 854 1145 960 pulsareque
1156 879 1256 942 fluctu
1281 889 1284 896 '

503 987 623 1050 Ferrea
640 995 818 1070 textaysuor
832 1005 899 1065 quo
912 993 1008 1066 pacto
1020 984 1146 1066 respuit
1158 983 1201 1048 ab
1212 1005 1267 1064 se,

503 1089 611 1171 Atque
620 1111 682 1173 per
691 1110 747 1154 aes
758 1089 878 1176 agitat,
889 1089 963 1152 sine
974 1109 1014 1152 eo
1024 1093 1116 1171 quod
1127 1109 1225 1172 saepe
1237 1092 1398 1160 resorbet.

545 1199 633 1259 Illud
643 1197 679 1260 in
694 1197 746 1260 his
758 1200 859 1260 rebus
868 1196 982 1259 mirari
998 1197 1107 1280 mitte,
1126 1201 1217 1278 quod
1228 1209 1336 1263 aestus

502 1307 579 1367 Non
588 1307 676 1368 valet
691 1327 709 1368 e
725 1305 835 1388 lapide
850 1307 914 1369 hoo
928 1305 1009 1367 alias
1026 1305 1199 1388 impellere
1215 1305 1295 1367 item
1308 1325 1374 1368 res.
1403 1317 1405 1322 '

501 1413 655 1474 Pondere
664 1411 754 1487 enim
764 1412 866 1475 fretae
876 1411 996 1494 partim
1006 1419 1107 1489 stant3
1119 1401 1212 1492 quod
1221 1431 1326 1497 genus
1336 1429 1466 1474 aurum:

503 1518 553 1580 Ac
566 1518 701 1600 partim,
716 1537 792 1580 raro
804 1516 882 1598 quia
892 1527 968 1584 suut
980 1537 1056 1578 oum
1070 1536 1223 1599 corpore,
1236 1526 1273 1578 ut
1282 1525 1393 1580 aestus

503 1622 658 1685 Pervolet
673 1623 832 1705 intactus,
847 1633 1017 1703 nequeunt
1032 1621 1197 1706 impellier
1209 1640 1370 1702 usquam

503 1727 629 1814 Lignea
641 1730 791 1794 materies
801 1730 837 1791 in
849 1749 917 1812 quo
929 1747 1050 1818 genere
1065 1751 1133 1794 esse
1146 1729 1288 1793 videtur.

502 1833 594 1896 Inter
606 1844 763 1916 utrasque
774 1834 877 1921 igitur
892 1834 971 1898 ferri
981 1843 1100 1914 natura
1109 1835 1235 1916 locata,

502 1943 597 2005 Aeris
611 1943 670 2006 ubi
681 1945 807 2026 aceepit
817 1939 981 2024 quaedam
996 1945 1205 2025 corpuscula;
1223 1951 1294 2003 tum
1303 1938 1363 2023 fit,
1453 1948 1456 1958 ’

503 2045 683 2127 Impellar'rt
694 2058 731 2110 ut
741 2068 814 2110 eam
828 2047 997 2135 Magnesia
1007 2045 1146 2109 flumina
1160 2045 1241 2110 saxi.
1393 2049 1461 2110 1063

350 2201 351 2210 κ
440 2145 442 2150 ’
544 2155 613 2220 Nee
625 2163 735 2220 tamen
745 2158 827 2218 haec
838 2154 883 2217 ita
895 2168 971 2218 sunt
985 2153 1125 2226 aliarum
1136 2174 1248 2216 rerum
1258 2151 1390 2236 aliena,

505 2257 549 2316 Ut
562 2256 647 2318 mini
656 2260 762 2322 multe
774 2280 894 2342 parum
909 2247 1033 2345 genere
1043 2280 1084 2320 ex
1099 2259 1164 2322 hoe
1176 2257 1445 2360 suppeditentur,

504 2360 598 2442 Quae
608 2382 793 2426 memorare
809 2383 930 2444 queam
943 2363 1029 2426 inter
1044 2384 1079 2427 se
1089 2361 1277 2449 singlariter
1287 2374 1377 2448 apta.

457 2517 471 2541 Δ,
543 2467 628 2528 Saxa
637 2469 729 2532 vides
743 2471 888 2552 primum
899 2473 969 2534 sola
988 2473 1170 2535 eoolesoere
1181 2473 1284 2536 ealce:

503 2567 639 2640 Glutine
651 2573 802 2636 materies
812 2574 943 2638 taurino
959 2576 1109 2662 iungitur
1123 2597 1208 2661 una,

502 2672 547 2732 Ut
558 2671 639 2734 vitio
648 2693 753 2736 venae
766 2675 954 2737 tabularum
969 2677 1098 2760 saepius
1115 2679 1263 2762 hiscant,

498 2779 613 2860 ¹Quam
625 2781 743 2844 laxare
752 2792 875 2862 queant
886 2803 1061 2870 compages
1076 2778 1189 2850 taurea
1199 2789 1325 2862 vinela.

543 2885 691 2974 Vitigeni
699 2888 813 2953 latices
825 2888 862 2954 in
872 2893 970 2972 aquai
985 2890 1132 2970 fontibus
1146 2897 1270 2959 audent

501 2992 649 3079 Misceri,
664 3017 766 3078 quom
776 2998 834 3080 pix
851 3008 994 3080 nequeat
1002 3000 1126 3088 gravis,
1137 3013 1169 3064 et
1178 3005 1251 3067 leve
1262 3005 1403 3072 olivum.

542 3103 797 3185 Purpureusque
811 3104 899 3166 colos
910 3103 1067 3186 conchyli
1073 3104 1225 3191 iungitur
1238 3130 1309 3173 uno

501 3208 648 3286 Corpore
661 3228 736 3268 oum
750 3209 862 3290 lanae,
875 3208 989 3271 dirimi
999 3209 1057 3305 qui
1070 3230 1138 3274 non
1151 3225 1250 3291 queat
1264 3237 1418 3300 usquem3

398 3301 399 3310 ¹
500 3310 590 3388 Non,
605 3313 634 3376 si
643 3315 788 3398 Neptuni
798 3317 897 3378 fluctu
911 3336 1071 3386 renovare
1087 3339 1223 3402 operam
1237 3323 1309 3398 des3

481 3474 486 3486 x
498 3412 593 3494 Non,
605 3435 696 3478 mare
710 3417 739 3482 si
752 3427 858 3482 totum
868 3420 950 3483 velit
961 3422 1072 3484 eluere
1082 3422 1237 3488 omnibus
1250 3428 1360 3492 undis.

539 3519 692 3603 Denique
708 3547 760 3589 res
771 3547 853 3590 auro
864 3548 983 3592 aurum
994 3533 1193 3614 concopulat
1202 3553 1286 3617 una,

499 3625 642 3711 Aerique
655 3652 709 3697 aes
721 3636 861 3716 plumbo
871 3635 908 3698 fit
920 3637 969 3700 uti
979 3636 1137 3724 iungatur
1149 3635 1192 3704 ab
1203 3643 1291 3706 albo.

540 3740 656 3803 Cetera
672 3742 739 3807 iam
754 3765 855 3826 quam
871 3750 976 3812 multa
987 3748 1066 3812 licet
1077 3750 1244 3832 reperire?
1256 3753 1348 3838 Quid
1360 3755 1458 3842 ergo?

477 3835 482 3856 '
497 3846 565 3906 Nee
575 3845 637 3912 tibi
649 3859 715 3913 tam
729 3852 838 3939 longis
852 3873 935 3938 opus
948 3864 996 3920 est
1009 3855 1204 3943 ambagibus
1217 3878 1373 3944 usquam,
