3034 5116
457 317 496 398 98
590 315 598 340 ‘
663 315 729 377 DE
752 313 937 378 RERUM
967 315 1203 380 NATURA‘
1249 322 1372 403 πως.-

454 457 596 540 Desiplt,
616 467 757 522 extentat
772 477 905 539 nervos,
922 464 1108 541 torquetur,
1126 460 1262 525 anhelat

384 639 387 646 ι
453 563 695 641 Inconstantem,
714 570 747 622 et
762 561 800 622 in
812 559 963 622 iactando
982 563 1132 626 membra
1145 563 1279 650 fatigate
1351 595 1354 600 ¹

452 665 635 747 Nimirum,
656 665 733 747 quia
744 665 794 730 vis
807 666 934 748 morbi,
951 667 1104 733 distracta
1116 693 1177 753 per
1189 683 1298 756 artus,

450 773 576 834 Turbat
586 791 685 858 agens
696 771 844 840 anirnam
853 817 863 854 ,
873 773 1043 855 spumanti
1052 787 1089 838 ut
1099 777 1136 840 in
1150 797 1293 858 aequore
1301 781 1381 850 salso

449 882 633 944 Ventorum
646 878 765 942 validis
779 878 966 944 fervescunt
975 879 1102 942 viribus
1116 885 1235 946 undae.

448 986 652 1069 Exprimitur
665 1006 766 1070 porro
776 985 931 1073 gemitus,
946 983 1026 1065 quia
1038 970 1315 1056 membra'dolore

447 1087 665 1167 Affioiuntur;
678 1098 710 1152 et
723 1085 861 1158 omnino
878 1088 968 1167 quod
983 1085 1111 1149 semina
1124 1087 1217 1154 vocis

446 1195 650 1276 Eliciuntur,
667 1204 699 1258 et
709 1205 768 1258 or'e
778 1193 864 1266 foras
872 1194 1055 1279 glomerata
1065 1191 1231 1278 feruntur,

446 1303 522 1385 Qua
535 1298 629 1382 quasi
647 1307 864 1380 consuerunt,
880 1305 914 1358 et
924 1305 1002 1360 sunt
1019 1295 1147 1358 munita
1163 1297 1242 1362 rial.

445 1401 649 1487 Desipientia
664 1397 715 1484 fit,
731 1400 810 1482 quia
822 1401 871 1466 vis
883 1399 988 1463 animi
998 1407 1097 1482 atque
1107 1401 1233 1466 animai

446 1511 689 1590 Conturbatur,
706 1519 755 1590 et,
767 1518 804 1570 ut
815 1507 931 1590 docui,
947 1507 1073 1590 divisa,
1089 1528 1237 1574 seorsum

285 1643 287 1648 ·
398 1641 406 1678 r
444 1615 657 1696 Disiectatur,
677 1614 863 1704 eorlemillo
878 1614 1030 1690 distracta
1042 1635 1180 1679 veneno.

373 1777 374 1781 ,
439 1711 543 1807 inde,
554 1726 622 1810 ‚ubi
634 1726 701 1788 iam
712 1724 820 1788 morbi
830 1724 955 1787 reflexit
973 1743 1083 1808 causa,
1101 1726 1253 1812 reditque

443 1830 485 1892 In
499 1831 640 1893 latebras
651 1849 727 1892 acer
741 1827 889 1911 corrupti
905 1827 1054 1910 corporis
1071 1830 1211 1908 humor3

334 1935 337 1940 '
443 1921 1004 2016 Tum,quasiraeillans,'primum
1018 1931 1205 2020 consurgit,
1217 1942 1251 1997 et
1266 1935 1388 2008 omneis
1414 1947 1416 1958 ⁴

441 2038 619 2102 Paullatim
630 2036 715 2100 redit
731 2036 767 2100 in
782 2043 911 2118 sensus,
923 2036 1136 2116 animamque
1148 2045 1304 2120 receptat.
1340 2039 1393 2114 604

482 2143 574 2204 Haeo
585 2140 687 2228 igitur
701 2140 798 2204 tantis
808 2139 870 2202 ubi
882 2139 1007 2203 morbis
1025 2159 1165 2222 corpore
1180 2139 1216 2203 in
1232 2141 1305 2225 ipso

441 2241 618 2327 lactentur,
629 2231 819 2325 miserisque
831 2243 957 2327 modis,
971 2243 1138 2326 distracta,
1153 2245 1323 2328 laborent3

441 2353 509 2423 Cur
525 2353 640 2413 eadem
653 2348 775 2429 eredis,
787 2347 858 2412 sine
872 2368 1010 2433 corpore
1019 2395 1029 2431 ,
1038 2348 1075 2412 in
1086 2353 1162 2413 aare
1177 2359 1292 2434 aperto

440 2457 525 2518 Cum
536 2453 655 2517 validis
666 2452 771 2516 ventis
781 2461 921 2515 aetatem
934 2455 1054 2538 degere
1068 2455 1187 2536 posse?

479 2559 520 2620 Et
537 2555 694 2637 quoniam
707 2565 852 2618 mentem
866 2555 994 2638 sanari,
1005 2574 1125 2640 corpus
1140 2547 1340 2646 utaegrum,

438 2660 628 2742 cernimur,
643 2670 675 2723 et
686 2660 772 2724 flecti
786 2658 1059 2746 medicina'posse
1074 2660 1241 2738 videmus3

437 2766 477 2827 Id
488 2785 620 2847 quoque
635 2765 815 2851 praesagit,
828 2769 1002 2830 mortalem
1019 2762 1132 2832 vivere
1149 2780 1304 2834 mentem.

436 2873 567 2935 Addere
575 2871 663 2958 enim
673 2871 806 2955 parteis,
817 2873 999 2937 autordine
1009 2874 1388 2959 traiicere,arquumert,
1444 2940 1447 2954 ,

430 2979 501 3040 'Aut
512 2977 638 3058 aliquid
650 2995 804 3060 prorsum
818 2980 860 3040 de
871 2998 1001 3044 summa
1015 2981 1186 3044 detrahere
1197 2981 1324 3067 hilum,

406 3125 409 3141 ‹
435 3089 646 3150 commutare
657 3086 806 3150 animum
819 3087 1011 3168 quicunque
1023 3085 1184 3170 adoritur,
1193 3099 1225 3151 et
1234 3089 1326 3171 infitr

434 3193 499 3251 Aut
510 3189 612 3252 aliam
625 3191 777 3272 quamvis
790 3201 942 3254 naturam
956 3193 1087 3255 lleotare
1102 3193 1242 3274 quaerit.
1318 3279 1322 3286 .

434 3296 476 3356 At
489 3316 597 3376 neque
613 3298 780 3362 transferri
794 3297 858 3360 sibi
869 3297 994 3381 parteis
1003 3319 1066 3364 nec
1075 3298 1177 3364 tribui
1188 3303 1274 3386 volt,

433 3403 622 3469 Immortale
637 3407 729 3486 quod
742 3413 805 3485 est,
819 3405 1016 3489 quidquam,
1031 3427 1140 3488 neque
1156 3409 1296 3478 defluere

956 3508 1073 3574 hilum.

432 3616 515 3675 Nam
528 3615 748 3695 quodcunque
758 3611 830 3689 ,suis
843 3625 1006 3678 mutatum
1019 3614 1141 3680 finibus
1155 3618 1237 3700 exit,

431 3719 596 3782 Continuo
610 3721 674 3815 hoc
688 3739 776 3784 mors
788 3731 835 3785 est
851 3721 956 3807 illius,
966 3725 1057 3806 quod
1069 3724 1132 3790 fuit
1145 3736 1232 3792 ante.

692 3857 698 3868 .
831 3829 836 3872 t
