2940 5114
403 447 462 512 208
582 443 650 523 DE
674 437 870 502 RERUM
898 433 1127 497 NATURA
1176 435 1320 544 vagid.

400 581 510 662 Quam
519 591 595 636 reor
604 567 732 634 insidia
741 565 800 631 tali
811 576 890 628 tune
901 585 970 628 esse
989 574 1171 648 repertam,

399 689 445 751 Ut
454 689 558 748 letum
569 680 714 762 insidiis,
727 678 786 761 qui
795 677 894 764 gessit
902 675 1046 760 primns,
1058 674 1187 740 obiret:

399 796 455 874 Et,
469 794 603 856 tandem
613 789 767 852 intereos
780 785 984 867 distractam,
997 783 1162 870 sanguine
1173 784 1300 866 multo,

399 895 611 980 Disperiisse,
625 913 735 975 neque
743 891 781 954 in
792 892 937 956 frustum
947 901 1142 954 convortere
1152 891 1273 972 quisse.

439 1006 535 1066 Tune
545 1001 649 1088 igitur
660 1001 779 1084 pelles,
795 1019 885 1062 nune
897 1015 1017 1060 aurum
1027 1006 1061 1060 et
1069 1017 1236 1082 purpura,
1247 995 1335 1062 euris

400 1113 561 1174 Exercent
568 1107 744 1172 hominum
756 1105 875 1188 vitain,
889 1108 1045 1188 belloque
1055 1105 1211 1192 diligant:

401 1224 478 1306 Quo
491 1217 596 1306 magis
609 1215 646 1280 in
659 1216 768 1300 nobis,
782 1225 819 1278 ut
832 1215 971 1298 opinor,
983 1217 1082 1296 culpa
1093 1212 1227 1278 resedit.

401 1331 518 1418 Frigus
531 1327 622 1394 enim
635 1330 742 1392 nudos
753 1327 824 1391 siue
836 1326 979 1410 pellibus
991 1324 1205 1390 excruciabat

402 1445 597 1532 Terrigenas
608 1466 617 1524 3
630 1452 664 1505 at
676 1461 737 1506 nos
747 1441 795 1522 nil
807 1441 909 1504 laedit
917 1449 1007 1504 veste
1020 1459 1133 1504 carere

401 1556 589 1636 Purpurea,
599 1561 697 1632 atque
708 1569 791 1614 auro
805 1550 974 1636 signisque
982 1548 1167 1636 rigentibus
1177 1554 1270 1632 apta;

401 1657 493 1726 Dum
506 1658 638 1743 plebeia
649 1669 759 1722 tarum
768 1656 829 1738 sit,
847 1677 934 1738 quae
945 1657 1122 1721 defendere
1131 1657 1246 1740 possit.

403 1769 491 1856 Ergo
502 1765 678 1830 hominnm
686 1787 791 1852 genus
802 1766 968 1830 ineassum
981 1765 1167 1848 frustraque
1180 1767 1309 1830 laborat

403 1879 556 1959 Semper,
571 1884 604 1941 et
613 1874 652 1938 in
665 1874 753 1938 euris
766 1875 930 1939 consumit
942 1875 1099 1940 inanibus
1110 1897 1251 1956 aevum;

403 1983 587 2064 Nimirum,
599 1982 678 2064 qnia
688 2003 757 2046 non
771 1982 942 2071 cognovit,
953 2001 1038 2064 quae
1048 1982 1090 2046 sit
1100 1983 1250 2046 habendi

403 2096 556 2179 Finis,.et
567 2094 707 2158 omnino
719 2097 830 2176 quoad
841 2106 963 2158 creseat
973 2113 1052 2157 vera
1064 2095 1232 2178 voluptas:
1288 2098 1352 2172 143²

301 2257 306 2271 ,
404 2207 510 2287 quue
523 2205 713 2269 minutatim
725 2205 827 2268 vitam
840 2203 992 2288 provexit
1004 2204 1041 2267 in
1050 2207 1168 2289 altum,

404 2316 445 2378 Et
455 2315 536 2378 belli
546 2334 684 2400 magnos
695 2315 876 2394 eommoyit
885 2314 1034 2378 funditus
1046 2325 1163 2380 aestus.

445 2426 488 2486 At
498 2421 617 2508 vigiles
630 2421 748 2484 mundi
758 2443 918 2510 magnum
931 2432 965 2486 et
976 2422 1131 2486 vorsatile
1143 2423 1302 2508 templum

405 2534 462 2597 Sol
477 2541 509 2595 et
520 2533 601 2595 luna
615 2550 677 2598 auo
693 2527 869 2598 lustrantes
879 2534 1008 2598 lumine
1019 2521 1145 2598 oneum

406 2641 613 2706 Perdoenere
625 2640 792 2722 homiues,
803 2659 969 2703 annorum
981 2649 1132 2722 tempora
1142 2637 1247 2724 vorti,

406 2751 448 2813 Et
459 2757 547 2812 certa
561 2747 690 2812 ratione
699 2747 774 2833 geri
787 2767 874 2830 rem,
887 2756 986 2829 atque
999 2747 1119 2812 ordine
1128 2757 1231 2812 certo.

446 2859 517 2921 Iarn
528 2857 647 2921 validis
657 2857 762 2942 saepti
773 2859 936 2945 degebant
946 2857 1092 2943 turribus
1103 2877 1224 2924 nevum
1229 2905 1242 2943 ,

296 2959 303 2977 ⁸
407 2965 448 3026 Et
458 2963 564 3028 divisa
574 2965 760 3050 colebatur,
772 2963 992 3050 discretaque,
1006 2969 1112 3032 tellus·

448 3074 534 3136 Turn
546 3093 638 3138 mare
648 3074 801 3140 velivolis
812 3077 950 3139 florebat
957 3074 1099 3160 'propter
1108 3077 1246 3141 odores:

408 3179 540 3242 Auxilia
553 3189 585 3242 et
598 3181 720 3266 socios,
732 3183 800 3245 iarn
813 3192 910 3266 paeto
923 3183 1071 3265 foedere,
1083 3185 1265 3248 habebant:

409 3286 619 3351 Carminibus
631 3307 734 3370 quom
745 3309 797 3352 res
809 3301 915 3376 gestas
927 3309 1066 3373 coepere
1073 3295 1196 3374 politae

387 3477 388 3482 ἵ
408 3398 569 3476 Tradere,
584 3421 644 3462 neo
657 3401 763 3464 multo
776 3402 862 3483 priu'
871 3414 947 3466 sunt
961 3405 1275 3489 elementareperta.

408 3513 601 3596 Propterea,
614 3513 695 3595 quid
705 3515 747 3580 sit
759 3515 852 3600 prius
864 3526 992 3600 aetum,
1004 3518 1166 3602 respicere
1178 3530 1267 3584 aetas

408 3625 525 3688 Nostra
536 3629 663 3710 nequit,
680 3629 745 3694 nisi
759 3651 824 3711 qua
836 3631 920 3694 ratio
934 3633 1071 3722 vestigia
1085 3643 1255 3699 monstrat.

449 3721 603 3822 Navigia,
617 3747 717 3818 atque
733 3723 975 3827 agriculturas,
990 3742 1137 3826 moenia,
1152 3743 1256 3829 leges,

412 3840 528 3922 Arma,
543 3840 628 3925 vias,
643 3843 774 3930 vesteis,
789 3853 822 3910 et
832 3855 939 3912 cetera
953 3850 995 3912 de
1007 3869 1130 3936 genere
1141 3851 1276 3930 horum,
