2940 5114
457 361 515 439 τῷ
612 370 633 388 ·’
662 355 730 423 DE
757 345 950 418 RERUM
978 353 1196 420 NATURA
1248 362 1362 423 nito.

454 501 607 566 Eiusdem
619 496 767 586 generis3
778 498 837 562 sed
846 493 986 576 semina,
1002 507 1087 576 qute
1101 495 1166 562 fuit
1175 506 1252 562 ante

451 608 493 670 In
505 605 659 687 menibus
665 649 677 685 ,
692 601 747 666 vir
755 601 806 665 uti
822 601 926 666 faetus
937 600 1090 666 videatur
1106 603 1240 668 adesset

450 711 516 776 Aut
526 711 592 776 alia
606 732 646 774 ex
665 708 728 774 etia
742 707 842 772 iacies
853 717 1005 794 aetasque
1019 717 1192 788 sequatur:

450 821 549 904 Quod
562 838 606 880 ne
616 815 792 898 miremur,
806 833 907 898 sopor
917 823 1021 895 atque
1028 812 1153 878 oblivia
1164 823 1293 880 curent.

489 922 579 985 Illud
588 921 624 982 in
634 918 685 982 his
695 921 793 1003 rebus
807 915 928 980 vitium
938 918 1151 980 vehementer
1166 917 1272 982 inesse

448 1021 602 1112 Effugere
619 1044 787 1106 errorem,
802 1022 972 1103 vitareque
985 1013 1271 1107 praemetuenter,'

448 1135 591 1198 Lumina
608 1155 650 1196 ne
669 1133 769 1196 facias
783 1131 957 1193 oculorum
970 1131 1058 1192 clara
1072 1139 1198 1211 ereata,

448 1238 638 1322 Prospioere
650 1249 687 1302 ut
696 1237 875 1321 possimus3
888 1243 935 1315 et,
946 1245 983 1296 ut
995 1235 1144 1317 proferre
1154 1237 1225 1300 viai.

445 1338 603 1407 Proceros
616 1355 747 1425 pessus,
762 1341 839 1404 ideo
851 1339 981 1424 fastigia
998 1357 1093 1421 posse

446 1437 606 1508 Suraium
615 1463 653 1506 ae
666 1443 844 1524 feminum,
857 1441 997 1524 pedihus
1012 1441 1166 1526 fundata,
1177 1427 1329 1534 plicarir‘,

445 1549 582 1615 Brachia
597 1561 666 1614 turn
678 1571 796 1633 porro,
812 1543 930 1612 validis
948 1569 989 1611 ex
1005 1558 1082 1630 apta
1096 1551 1247 1634 lacertis,

445 1657 521 1720 Esse
528 1693 542 1736 ‚·
549 1673 732 1734 manusque
747 1655 854 1734 datas,
872 1661 1012 1732 utraque
1024 1671 1045 1712 a
1055 1663 1150 1735 parte
1160 1653 1347 1738 ministras,

445 1762 489 1822 Ut
503 1761 610 1822 faeere
624 1759 669 1824 ad
684 1757 787 1820 vitam
802 1777 988 1840 possemus,
1006 1776 1091 1838 quae
1102 1757 1186 1820 soret
1203 1778 1293 1822 usus.
1383 1767 1385 1774 '

486 1867 601 1928 Cetera
611 1865 653 1926 de
662 1883 784 1948 genere
792 1863 873 1942 hoc,
885 1859 972 1922 inter
985 1879 1184 1941 quacunque
1193 1871 1378 1946 pectamur,

445 1973 568 2036 Omnia
578 1987 735 2056 pervorsa
744 1979 955 2054 praepostera
967 1979 1044 2042 sunt
1055 1968 1201 2058 ratione:
1214 2029 1222 2042 ,,

442 2075 498 2140 Nil
508 2079 593 2141 adeo
605 2075 763 2158 quoniam
773 2083 889 2138 natum
898 2083 945 2138 est
957 2071 996 2138 in
1008 2093 1163 2158 corpore,
1178 2084 1216 2140 ut
1227 2077 1277 2140 uti
1343 2077 1391 2140 835

442 2183 630 2262 Possemue;
641 2184 714 2264 sed,
729 2185 820 2263 quod
836 2191 952 2246 natum
966 2192 1032 2267 est,
1045 2182 1081 2248 id
1092 2194 1246 2267 procreat
1257 2209 1364 2255 usum.

442 2295 510 2356 Nee
521 2292 584 2356 fuit
597 2303 674 2356 ante
687 2293 802 2356 videre
814 2294 988 2356 oculorum
998 2291 1127 2356 lumina
1138 2305 1234 2376 neta3

442 2401 509 2462 Nee
523 2396 731 2462 diotis'orare
747 2397 859 2482 prius,
873 2419 973 2480 quam
992 2399 1108 2486 lingua
1122 2409 1232 2466 create
1244 2411 1313 2470 est:

442 2503 506 2566 Sed
518 2501 628 2583 potius
640 2505 741 2586 longe
752 2501 885 2589 linguae
901 2505 1078 2586 praecessit
1092 2506 1187 2593 origo

440 2606 653 2682 Sermonem
669 2606 842 2694 multoqpe
859 2617 986 2688 creatae
999 2619 1076 2672 sunt
1090 2610 1185 2692 prius
1200 2627 1315 2695 auron

441 2713 551 2795 Quam
561 2728 661 2772 sonus
672 2718 719 2773 est
734 2707 882 2788 auditus3
897 2717 930 2772 et
942 2709 1056 2774 omnia
1066 2713 1210 2797 denique
1218 2721 1366 2784 membre

440 2817 522 2878 Ante
535 2815 641 2896 fuere,
657 2821 695 2876 ut
711 2812 846 2897 opinor,
862 2833 1088 2895 eorumquam
1099 2817 1183 2884 foret
1194 2841 1283 2886 usus.

438 2924 538 2984 Haud
551 2920 653 3008 igitur
667 2929 805 3002 potuere
821 2920 937 2984 utendi
955 2941 1097 2984 erescere
1108 2931 1224 2990 jceusa.
1334 2913 1342 2930 ⁸

375 3085 378 3096 .
478 3032 520 3092 At
533 3039 646 3094 contra
662 3030 812 3093 conferre
824 3046 924 3093 manu
941 3028 1120 3108 certamina
1135 3053 1303 3118 pugnae,.

437 3120 632 3204 Etnterare
646 3139 751 3208 artus,
770 3129 971 3208 foedareque
982 3132 1133 3198 membru
1146 3153 1283 3220 eruore,

436 3236 521 3296 Ante
536 3231 600 3296 fuit
611 3232 732 3314 multo,
750 3251 851 3312 quem
866 3230 977 3302 lucida
990 3232 1053 3296 tela
1065 3233 1227 3306 volarent.

436 3342 476 3402 Et
489 3341 607 3402 volnus
623 3337 727 3404 vitare
740 3335 834 3418 prius
847 3346 966 3400 nature
983 3337 1110 3423 coegit,

436 3449 544 3532 Quam
557 3444 651 3508 'tieret
670 3443 835 3508 obiectum
847 3449 978 3526 parmai
992 3445 1164 3530 iaevepen
1174 3455 1291 3524 artem.

475 3545 606 3612 Scilicet
621 3554 653 3608 et
669 3546 790 3610 fessum
809 3566 934 3648 porpus.
946 3551 1106 3612 mandere
1125 3550 1230 3630 quieti
1272 3616 1274 3620 ,

400 3725 405 3728 ,
434 3648 540 3711 Multo
552 3647 718 3730 antiquius
729 3658 790 3732 est,
806 3671 906 3731 quam
918 3652 994 3714 lecti
1008 3653 1124 3716 m'ollia
1138 3663 1256 3718 strata:

433 3753 474 3814 Et
484 3751 702 3852 sedarentur
712 3753 806 3838 prius
822 3763 887 3838 est,
906 3775 1007 3837 quam
1019 3759 1156 3844 poculo,
1174 3769 1300 3825 uatum.
1348 3821 1355 3830 .
