3034 5114
412 418 454 479 70
616 391 683 456 ιιιι
710 387 900 455 nurum
925 381 1142 450 Νιτιιιιι
1202 407 1234 450 v.
1256 387 1326 453 aro.

408 531 537 612 vortit,
550 527 666 594 etbine
676 548 789 594 sensus
801 528 1007 600 animantum
1021 537 1172 614 procreat
1181 530 1330 608 omneis.-

407 637 483 700 Non
495 633 560 700 alia
576 637 675 722 longe
693 633 839 717 ratione,
851 642 951 716 atque
968 633 1063 700 arida
1082 633 1176 721 ligna

407 737 558 822 Explicat
575 736 613 800 in
629 739 793 821 flammas,
807 747 839 802 et
848 735 884 799 in
897 736 1003 824 igneis
1018 735 1131 802 omnia
1142 747 1264 827 vorsat.
1282 725 1286 733 ¹

447 846 561 914 Iamne
577 843 669 908 vidos
684 841 802 930 igitur,
823 840 937 930 magni
952 841 1135 926 primordia
1151 863 1264 908 rerum

406 951 542 1014 Referre
555 946 595 1012 in'
605 946 696 1028 quali
705 946 771 1010 sint
784 945 901 1011 ordine
916 965 1068 1030 quaeque
1080 948 1203 1031 locata,

403 1053 447 1115 ¹Et
458 1047 633 1121 commixta
647 1048 766 1130 quibus
780 1051 859 1116 dent
867 1058 993 1133 motus,
1006 1049 1256 1134 accipiantque?

446 1155 534 1218 Tum
543 1171 661 1236 porro3
677 1150 759 1236 quid
768 1151 805 1228 id
814 1162 879 1237 eat,
892 1152 1043 1220 animum
1053 1158 1143 1240 quod
1152 1155 1296 1240 pereutil

932 1257 1061 1342 ipsum,

407 1362 507 1447 Quod
519 1366 648 1441 movet,
661 1365 694 1422 et
703 1356 813 1424 varios
826 1379 939 1426 sensus
951 1380 1144 1446 expromere
1157 1360 1263 1452 cogit,

406 1467 457 1530 Ex
471 1464 682 1530 insensilibus
697 1486 740 1528 ne
757 1467 870 1530 credas
879 1465 999 1530 sensile
1011 1465 1130 1552 gigni?

407 1569 572 1634 Nimirum
582 1567 724 1666 lapides,
739 1573 770 1630 et
784 1566 894 1654 ligna,
905 1579 937 1634 et
950 1577 1055 1652 terra,
1068 1571 1158 1651 quod
1177 1586 1244 1634 una

407 1669 528 1750 Mixta,
541 1679 651 1735 tamen
666 1681 835 1751 nequeunt
845 1669 980 1734 vitalem
998 1675 1136 1736 reddere
1151 1692 1294 1737 sensum.
1314 1726 1321 1736 .

446 1773 537 1868 Iflpd
548 1771 585 1835 in
596 1769 647 1835 his
664 1769 765 1860 igitur
781 1769 896 1835 foedus
913 1771 1101 1839 meminisse
1119 1769 1264 1854 decebit,

406 1877 534 1942 Nonex
546 1874 867 1960 omnibusomnino,
888 1895 1103 1960 quaecunque
1115 1887 1307 1962 creantres,

407 1980 548 2068 deusde,
565 1990 597 2044 et
609 1981 774 2063 externplo
792 1999 845 2042 me
860 1979 955 2068 gigni
971 1975 1080 2046 dicere
1097 2002 1229 2047 sensus:
1308 1985 1366 2068 893

406 2083 473 2146 Sed
481 2082 596 2168 magni
606 2081 741 2163 referre,
759 2079 955 2164 caprimum
967 2083 1126 2165 quaumla
1142 2091 1303 2168 constent,

404 2186 530 2250 sensile
547 2207 632 2268 quae
641 2185 782 2267 faciunt,
798 2195 830 2248 et
843 2183 984 2266 quasint
993 2182 1141 2272 praedita
1154 2185 1278 2265 forma3
1327 2265 1331 2274 ¹

405 2283 568 2373 ltdotibus,¹
585 2289 771 2370 ordinibus,
787 2287 943 2373 posituris
952 2287 1111 2370 denique,
1125 2308 1211 2369 quae
1222 2289 1304 2356 sint:
1331 2363 1333 2368 ¹

405 2395 557 2482 Quarum
570 2393 620 2457 nil
632 2412 745 2456 rerum
756 2393 793 2456 in
809 2393 924 2480 lignis,
940 2392 1126 2482 glebisque,
1142 2393 1304 2466 videmus.

405 2501 448 2562 Ει
458 2508 569 2571 tamen
583 2501 683 2582 haec,
696 2519 799 2584 quom
813 2501 890 2566 su‘nt
903 2519 998 2586 quasi
986 2496 1195 2584 putrefacta
1203 2519 1265 2588 per

937 2605 1091 2690 imbreis,
1217 2611 1221 2620 '

406 2710 614 2777 vermiculos
629 2712 781 2798 pariunt,
798 2712 877 2803 quia
888 2733 1027 2798 corpora
1043 2713 1193 2780 materiai
1243 2700 1265 2808 ι’

372 2817 380 2824 “
405 2815 558 2900 Antiquis
569 2840 609 2883 ex
625 2819 799 2896 ordinibus
808 2830 961 2904 permota
976 2839 1065 2884 nova
1077 2839 1129 2904 re,

405 2919 660 2985 Conciliantur
650 2931 714 3006 ιιι,
732 2923 903 3005 utdebent
915 2921 1116 2992 animalia'
1083 2921 1187 3013 gigni.

358 3025 368 3034 ‘
444 3023 589 3107 Deinde,
610 3045 651 3088 ex
664 3023 842 3102 sensilibus
859 3045 961 3108 quom
976 3024 1094 3090 sensile
1108 3044 1203 3109 posse
1218 3025 1324 3098 creari

405 3127 626 3212 Constituant,
647 3151 766 3215 porro,
777 3153 819 3196 ex
829 3130 902 3200 aliis
913 3131 1036 3198 sentire
1051 3129 1151 3216 sueti,

403 3230 521 3294 Mollia
534 3237 605 3295 lum
617 3232 758 3296 iaciunt:
777 3254 855 3298 nam
864 3237 982 3300 sensus,
996 3233 1146 3322 iungitur
1157 3233 1267 3302 omnis

402 3327 607 3412 Visceribus,
625 3333 748 3418 nervis,
760 3335 869 3418 venis,
881 3355 1098 3423 quaecunque
1110 3335 1264 3404 videmus

403 3433 521 3502 Mollia
535 3437 668 3500 mortali
683 3438 859 3506 consistere
872 3460 1010 3527 corpore
1025 3452 1123 3507 creta.

444 3535 508 3596 Sed
522 3545 632 3600 lamen
647 3531 715 3606 e'sto
730 3539 797 3605 iam
805 3562 922 3626 ‚posse
936 3547 1018 3619 baec
1031 3556 1165 3610 aeterna
1182 3568 1333 3630 manem

404 3639 530 3723 Nempe
544 3648 652 3704 tamen
666 3646 787 3710 debent
800 3629 857 3710 aut
872 3665 1003 3717 sensum
1019 3653 1120 3756 partis
1130 3655 1269 3760 habere,

405 3744 470 3806 Aut
480 3733 601 3810 similia
612 3744 686 3813 totis
698 3747 897 3838 animalibus
912 3773 981 3827 esse
992 3751 1113 3844 putari.
1158 3841 1167 3848 *v
1203 3792 1209 3804 x
