2940 5114
457 429 519 495 ,194
667 411 735 472 DE
762 409 956 472 RERUM
985 409 1202 472 NATURA
1255 431 1288 474 v.
1308 415 1373 494 975.

459 559 486 620 A
498 553 608 638 parvis
621 553 711 633 quod
727 548 816 614 euim
833 558 1028 612 consuerant
1040 563 1173 612 cernere
1186 569 1331 634 semper,

458 665 594 726 Alterno
607 661 768 739 tenebras,
788 667 823 720 et
837 659 963 739 lucem,
982 665 1129 738 tempore
1143 655 1256 742 gigni,

456 775 532 833 Non
542 777 633 850 erat,
650 776 688 830 ut
704 764 778 830 fieri
793 775 914 849 posset,
933 764 1085 828 mirarier
1095 781 1260 847 uuquam,

458 877 525 940 Nec
542 869 710 953 diffidere,
720 890 765 932 ne
777 878 878 933 terras
895 878 1028 933 aeterna
1042 878 1167 932 teneret
1310 943 1315 956 ι

456 982 545 1060 Nox,
564 975 600 1039 in
614 984 813 1058 perpetuum
831 977 976 1038 detracto
994 973 1122 1038 lumine
1139 972 1227 1060 solis.

456 1083 520 1145 Sed
530 1078 635 1168 magis
644 1079 728 1143 illud
738 1089 808 1143 erat
821 1099 936 1164 curae,
949 1082 1041 1168 quod
1053 1082 1140 1144 secla
1152 1073 1301 1143 ferarum

456 1181 612 1252 Infestam
629 1179 755 1245 miseris
768 1181 934 1246 faciebant
948 1203 1046 1267 saepe
1059 1181 1224 1274 quietem

456 1284 626 1367 Electique
642 1286 759 1367 domo,
772 1284 942 1372 fugiebant
958 1304 1055 1348 saxea
1071 1294 1155 1347 tecta

456 1392 644 1480 Spumigeri
654 1379 894 1471 suisadventu,
909 1391 1079 1472 validique
1090 1391 1214 1470 laonis3

455 1501 564 1580 Atque
576 1497 773 1579 intempesta
786 1497 949 1584 cedebant
964 1502 1060 1557 nocte
1074 1503 1250 1578 paventes,

455 1601 652 1684 Hospitibus
660 1599 765 1664 saevis
782 1596 918 1662 instrata
932 1596 1055 1660 cubilia
1070 1598 1200 1660 fronde.

496 1710 564 1770 Nee
574 1705 680 1769 nimio
691 1713 761 1767 tum
773 1705 866 1788 plus,
881 1722 982 1784 quam
994 1724 1100 1785 nunc,
1118 1701 1276 1766 mortalia
1288 1701 1371 1768 secla

455 1810 575 1874 Dulcia
586 1810 781 1896 linquebant
792 1810 946 1874 lamentis
961 1809 1089 1872 lumina
1100 1809 1198 1873 vitae.

456 1917 549 1976 Unus
560 1912 649 1976 enim
659 1922 730 1974 lum
743 1913 881 1996 quisque
893 1912 999 2001 magis
1011 1914 1191 1997 deprensus
1202 1931 1322 1978 eorum

444 2019 581 2082 ¹Pabula
591 2017 667 2078 viva
677 2016 755 2082 feris
767 2020 960 2100 praebebat,
971 2017 1126 2082 dentibus
1138 2019 1293 2097 haustus3
1354 2021 1402 2102 989

455 2128 495 2188 Et
509 2143 644 2188 nemora
652 2142 691 2186 ac
703 2122 846 2186 monteis
859 2122 984 2210 gemilu
995 2122 1160 2203 silvasque
1173 2123 1342 2208 replebat,

454 2230 542 2298 Viva
553 2228 669 2293 videns
684 2227 762 2291 vivo
778 2217 910 2311 sepeliri
922 2226 1047 2291 viscera
1057 2229 1164 2290 busto.

453 2339 509 2417 At,
525 2355 608 2417 quos
621 2329 781 2422 effugium
795 2343 959 2417 servarat,
974 2351 1113 2418 corpore
1124 2335 1241 2417 adeso,

454 2442 633 2525 Posterius,
644 2444 801 2506 tremulas
811 2461 910 2523 super
923 2443 1035 2505 ulcera
1048 2452 1151 2505 taetra
1164 2446 1313 2514 tenentes

454 2548 780 2631 Palmas,⁴h0rrileris
795 2548 947 2626 apcibant
959 2549 1096 2614 vocibus
1109 2553 1251 2620 Orcum:

454 2655 606 2736 Denique
624 2673 679 2718 eos
689 2653 757 2716 vin
770 2651 944 2735 privarunt
953 2656 1103 2720 vermina
1117 2679 1234 2748 saeva,

453 2756 622 2842 Experteis
634 2756 721 2841 opis,
733 2756 866 2843 ignaros
877 2759 959 2840 quid
967 2752 1111 2826 'volnera
1121 2757 1258 2829 vellent.

493 2869 536 2928 At
546 2883 615 2928 nou
628 2865 734 2926 multa
746 2861 858 2928 virilm
870 2867 932 2928 sub
947 2863 1051 2952 signis
1065 2866 1173 2932 millia
1188 2872 1289 2935 ducta

359 3029 362 3042 ,
453 2972 528 3032 Una
541 2969 611 3032 dies
623 2969 723 3033 dabat
737 2965 856 3030 exitio:
870 2990 932 3033 nec
944 2971 1075 3036 turbida
1088 2974 1183 3057 ponti
1204 2973 1205 2978 ’

453 3077 606 3154 Aequora
619 3073 794 3136 laedebant
808 3073 921 3138 naveis
931 3074 974 3136 ad
987 3094 1081 3161 saxa,
1096 3077 1269 3161 virosque:

451 3179 534 3257 Nea,
547 3186 668 3250 temere
677 3174 812 3238 incursu
823 3177 956 3257 fluctus,
966 3166 1058 3247 mare
1068 3200 1165 3265 saepe
1177 3194 1328 3246 coortum

346 3299 348 3305 ¹
450 3277 619 3360 Saevibat,
632 3278 814 3360 leviterque
825 3279 933 3344 minas
944 3285 1089 3364 ponebat
1100 3284 1248 3366 inaneis;

451 3385 518 3444 Nec
529 3390 657 3464 poterat
669 3401 871 3464 quemquam
886 3385 1009 3466 placidi
1022 3388 1163 3470 pellacia
1176 3391 1275 3474 ponti

450 3491 596 3568 Subdola
612 3492 768 3574 pellicere
779 3491 816 3554 in
828 3493 979 3558 fraudem
990 3496 1177 3565 ridentibus
1190 3501 1306 3567 undis:

447 3596 603 3679 Improba
614 3599 741 3684 navigii
752 3599 836 3663 ratio
848 3608 918 3663 tum
933 3623 1029 3667 caeca
1044 3604 1181 3669 iacebat.

446 3699 533 3762 Tum
542 3701 682 3783 penuria
695 3704 814 3768 deinde
826 3705 893 3769 eibi
904 3708 1096 3795 languentia
1107 3712 1173 3774 leto

391 3891 392 3896 ἵ
446 3801 596 3873 Membra
609 3807 722 3886 daban
740 3818 854 3875 contra
864 3833 954 3880 nunc
966 3834 1079 3880 aerum
1092 3816 1188 3902 copia
1200 3823 1330 3886 mersat.
