3056 5126
426 452 631 516 LIBER
671 453 697 516 Ι.
736 453 858 530 nait.

169 598 320 682 Quorum
331 615 469 682 operum
484 621 595 666 causas
608 603 701 664 nulla
717 601 845 664 ratione
859 597 972 663 ridere

155 705 324 782 'Possunt3
340 701 461 766 acfieri
479 706 593 776 divino
611 704 747 768 numine
760 716 884 768 rentur.
906 729 913 746 ·
999 723 1028 798 ἰ

168 813 259 894 Quas
270 811 314 872 ob
327 830 395 890 res,
407 809 466 873 ubi
482 809 660 874 viderimus
677 811 725 880 nil
742 831 836 892 posse
853 810 958 876 creari

166 921 218 980 De
231 919 354 1001 nihilo,
371 927 439 982 tum
451 963 461 1000 ,
473 904 563 999 quod
575 920 758 1000 sequimur,
771 920 838 982 iam
851 921 970 983 rectius
982 917 1062 982 iude

167 1025 422 1107 Perspiciamus,
437 1034 469 1087 et
482 1029 571 1101 uude
582 1038 680 1107 queat
692 1048 743 1090 res
755 1048 903 1108 quaeque
918 1027 1039 1108 creari,
1145 1057 1146 1062 ¹

82 1213 86 1220 .
167 1131 208 1191 Et
221 1148 288 1210 quo
302 1149 452 1210 quaeque
464 1132 565 1194 modo
579 1130 660 1195 fiant
671 1153 772 1216 opera
789 1135 860 1197 sine
872 1132 1002 1196 Divom.

210 1235 313 1313 Nam,
324 1231 351 1295 si
362 1234 403 1296 de
414 1231 520 1295 nihilo
529 1231 664 1315 fierent,
680 1257 721 1298 ex
736 1237 882 1301 omnibu'
893 1239 991 1299 rebus

168 1342 279 1404 Omne
289 1360 392 1426 genus
403 1340 494 1404 nasci
506 1351 630 1424 posset:
648 1343 697 1406 nil
712 1338 837 1406 semine
848 1352 968 1432 egeret.
1092 1426 1095 1436 Ι

111 1513 115 1524 Ι
166 1445 195 1505 Ε
210 1463 299 1509 mare
313 1443 458 1526 primum,
470 1445 636 1528 homines,
650 1468 669 1510 e
683 1458 769 1510 terra
783 1458 892 1530 posset
907 1444 990 1528 oriri
1050 1435 1054 1446 ⁸

168 1551 419 1644 squamigerum
427 1573 547 1638 genus,
563 1563 594 1616 et
606 1556 775 1644 volucres:
797 1574 969 1638 erumpere
990 1553 1084 1616 coelo

165 1659 335 1736 Armenta3
355 1670 454 1740 atquc
465 1658 550 1722 aliae
560 1663 840 1746 pecudes,.genus
851 1679 968 1740 omne,
982 1657 1129 1752 ferarum

61 1811 64 1818 -
164 1766 294 1828 Incerto
311 1778 427 1849 partu,
442 1769 530 1830 c'ulta
547 1789 585 1829 ac
597 1769 725 1830 deserta
745 1751 909 1830 tenerent:

165 1871 234 1932 Nec
246 1869 370 1936 fructus
382 1862 471 1932 idem
482 1868 655 1934 arboribus
672 1880 819 1931 constare
832 1868 991 1946 solerent,

165 1978 230 2038 Sed
247 1987 469 2042 mutarentura
488 1977 574 2038 ferre
587 1995 701 2036 omnes
713 1975 825 2037 omnia
842 1984 987 2057 possent.
1156 2059 1158 2064 Ι

166 2077 318 2162 Quippe,
332 2081 391 2141 ubi
401 2098 469 2142 nou
481 2088 586 2142 essent
596 2080 753 2167 genitalia
765 2100 902 2163 corpora
916 2081 1077 2162 quoique,
1130 2063 1133 2070 ¹

167 2173 236 2267 Qui
248 2193 362 2265 posset*
372 2194 476 2246 mater
485 2185 582 2246 rebus
597 2184 773 2248 consistere
784 2187 896 2247 certa?
1070 2186 1129 2265 169
1236 2211 1237 2216 ¹

166 2293 209 2354 At
222 2311 326 2373 nuuc,
339 2291 519 2355 seminibus
532 2291 611 2373 quia
621 2275 716 2356 certis
726 2311 875 2372 quaeque
893 2300 1060 2372 creantur,

167 2393 250 2456 Inde
261 2395 442 2475 enascitur,
459 2406 557 2474 atque
576 2415 650 2459 oras
665 2395 701 2457 in
714 2395 849 2457 luminis
869 2395 952 2474 exit,

166 2495 319 2562 Materies
331 2497 389 2561 ubi
398 2497 482 2564 inest
497 2497 681 2580 quoiusque
693 2509 724 2561 et
739 2519 877 2581 corpora
894 2499 1026 2584 primas

167 2604 275 2682 Atque
288 2604 351 2665 hac
365 2624 401 2665 re
416 2612 585 2683 nequeunt
599 2625 640 2666 ex
657 2604 810 2667 omnibus
824 2603 937 2666 omnia
949 2601 1060 2690 gigni,
1111 2590 1118 2602 '

168 2707 267 2790 Quod
279 2706 421 2784 certisin
434 2709 531 2770 rebus
548 2707 633 2770 inest
648 2717 772 2772 secreta
789 2708 936 2770 facultas.

209 2817 395 2894 Praeterea,
407 2835 494 2894 quur
511 2835 588 2876 vere
600 2833 727 2892 rosam,
748 2812 914 2876 frumenta
933 2811 1061 2890 calore,

169 2912 273 2977 Viteis
284 2927 442 2974 autumno
459 2913 556 2974 fundi
575 2917 733 2976 suadente
747 2913 926 2988 videmus,

172 3014 304 3096 Sinon,
323 3027 412 3078 certa
421 3035 480 3076 suo
492 3015 570 3092 quia
583 3025 732 3096 tempore
742 3013 869 3076 semina
882 3034 994 3076 rerum

170 3125 533 3206 Quomconlluxeruut‚
556 3120 668 3202 patefit
680 3121 1055 3202 quodcunquecreatur,
1076 3197 1079 3205 ¹

168 3231 259 3291 Dum
273 3235 477 3309 tempestates
493 3227 627 3306 adsunt,
648 3235 681 3286 et
695 3223 807 3286 vivida
825 3222 922 3314 tellus

169 3337 257 3398 Tuto
274 3352 325 3396 res
341 3341 467 3394 teneras
482 3325 576 3392 effert
593 3317 779 3392 in'lurninis
792 3325 895 3388 orasi'

170 3445 270 3531 Quod
282 3443 311 3507 si
323 3445 366 3506 de
373 3441 480 3504 nihilo
493 3439 626 3520 fierent,
642 3438 751 3502 subito
765 3419 979 3500 exorerentur

169 3551 300 3618 Incerto
312 3549 438 3633 spatio,
452 3558 563 3630 atque
572 3546 690 3610 alienis
708 3544 856 3628 partibus
871 3540 970 3608 anni:

172 3657 303 3742 Quippe
315 3655 372 3720 ubi
385 3658 477 3720 nulla
492 3657 601 3720 forent
617 3653 918 3738 primordia,-quae
935 3649 1072 3736 genitali

175 3763 323 3826 Concilio
337 3773 469 3846 possent
486 3762 591 3826 arceri
608 3771 755 3844 ternpore
769 3760 897 3842 iniquo.

215 3868 281 3932 Nec
290 3890 391 3954 porro
409 3871 570 3959 augendis
585 3872 684 3934 reh'us
698 3868 804 3952 spatio
821 3869 906 3934 soret
922 3885 999 3936 usus

371 4169 390 4200 ἱ
