3056 5126
397 465 668 536 LIBERI.
708 469 828 534 naba.
1055 475 1105 554 :a
1166 570 1169 578 ι

135 622 182 684 Aa
198 639 296 701 quom
314 616 425 682 mollis
438 636 542 700 aquae
561 617 665 680 fertur
678 625 796 680 natura
810 623 947 700 repente

134 731 284 816 Flumine
298 726 492 809 abundanti,
513 727 603 806 quod
619 726 719 810 largis
736 726 898 790 imbribus
913 726 1025 816 auget
1056 717 1059 729 Κ

133 831 301 914 Montibus
320 849 360 892 ex
375 829 452 892 altis
469 845 607 914 magnus
626 830 780 892 decursus
799 832 913 914 aquai,
940 833 942 838 '

133 935 309 1022 Fragmina
322 933 498 998 coniiciens
512 933 686 1011 silvarum,
709 933 904 1011 arbustaque
923 939 1008 998 tota:

133 1041 200 1100 Nec
211 1035 313 1098 validi
326 1044 461 1118 possunt
475 1044 591 1119 pontes
608 1033 768 1098 venientis
779 1040 880 1116 aquai

133 1143 211 1208 Vim
222 1141 364 1205 subitam
378 1135 534 1218 tolerare}
549 1139 608 1222 ita,
623 1157 745 1226 magno
765 1142 914 1204 turbidus
929 1143 1031 1206 imbri
1064 1202 1066 1208 ,

133 1248 279 1312 Molibus
290 1243 446 1328 incurrit,
463 1241 581 1310 validis
597 1266 672 1312 eum
688 1245 831 1331 uiribus,
851 1250 973 1327 amuis;

133 1357 198 1416 Dat
213 1353 323 1416 sonitu
340 1359 461 1440 magno
475 1335 618 1438 stragem
623 1375 632 1429 3
652 1353 821 1443 volvitque
838 1356 899 1416 sub
915 1355 1012 1418 undis

131 1460 279 1523 Grandia
296 1478 387 1538 saxa3
408 1457 474 1521 ruit
486 1476 551 1538 qua
563 1457 746 1540 quidquam
764 1459 916 1532 fluctibus
932 1460 1048 1522 obstat.

134 1567 186 1633 Sic
204 1563 440 1654 igituffebent
453 1563 545 1627 venti
565 1571 697 1645 quoque
713 1562 848 1626 flamina
863 1563 960 1626 terri:

133 1677 243 1758 Quae,
258 1672 362 1736 veluti
379 1671 527 1736 validum
545 1691 647 1754 quoru
661 1673 783 1733 flumen
797 1671 1002 1757 procubuere

132 1782 322 1866 Quamlibet
338 1780 375 1843 in
391 1790 536 1864 partem,
554 1781 690 1841 trudunt
703 1797 755 1839 res
768 1789 860 1856 ante,
880 1785 1046 1854 ruuntque
1070 1787 1071 1798 ¹

130 1883 312 1965 impetibus
326 1885 464 1962 crebris3
483 1884 650 1946 interdum
666 1879 791 1942 vortice
810 1887 896 1940 torto

131 1980 339 2066 Corripiunt,
357 1984 530 2066 rapidique
544 1980 666 2044 'rotanti
682 1976 814 2040 turbine
833 1988 975 2060 portant.

132 2091 244 2172 Quare
261 2087 360 2148 etiam
378 2097 475 2166 atque
491 2085 590 2146 etiam
607 2093 683 2147 sunt
698 2081 789 2145 venti
804 2101 943 2166 corpora
960 2103 1072 2148 caeca:

132 2196 409 2280 Quandoquidem
417 2194 519 2274 factis,
532 2205 563 2256 et
576 2193 740 2274 moribus,
754 2195 883 2255 aemula
894 2195 1021 2279 magnis
1034 2214 1089 2278 ²97
1141 2209 1145 2242 '-

130 2299 293 2362 Amnibus
309 2299 545 2380 inveniuntur,
560 2307 674 2382 aperto
691 2317 829 2380 corpore
841 2298 899 2379 qui
914 2309 999 2362 sunt.

170 2405 257 2464 Tum
275 2423 376 2486 porro
393 2403 500 2465 varios
511 2422 622 2465 rerum
641 2402 799 2466 sentimus
815 2405 948 2486 odores,
1065 2387 1067 2392 Ι

129 2511 196 2572 Nec
209 2519 319 2572 tara'en
334 2511 379 2571 ad
393 2510 500 2573 nareis
513 2509 693 2574 venienteis
709 2510 873 2573 cernimus
885 2531 1050 2592 unquam:

132 2618 198 2680 Nec
210 2617 338 2682 validos
351 2627 456 2681 aestus
471 2615 608 2700 tuimur,
628 2639 689 2680 nec
704 2617 827 2703 frigora
840 2617 969 2699 quimus

129 2722 297 2803 Usurpare
308 2722 428 2804 oculis,
445 2744 507 2784 nec
520 2742 616 2786 voces
632 2742 765 2786 cernere
778 2743 928 2787 suemus:

131 2829 224 2908 Quae
237 2838 347 2890 tamen
357 2829 470 2890 omnia
485 2849 643 2910 corporea
660 2839 807 2893 constare
820 2851 950 2893 necesse
962 2839 1015 2893 est

129 2934 273 3010 Natura;
293 2933 447 3013 quoniam
459 2953 570 2995 sensus
588 2935 758 3016 impellere
777 2929 930 3017 possunt:

130 3037 283 3122 Tangere
291 3037 379 3098 enirn
391 3044 447 3096 aut
459 3031 565 3119 tangi,
578 3034 640 3097 nisi
651 3056 783 3118 corpus,
796 3038 889 3097 nulla
898 3046 1005 3117 potest
1014 3055 1077 3101 res.

169 3139 322 3220 Denique
332 3138 515 3226 fluctifrago
529 3159 704 3220 suspensae
722 3139 758 3200 in
775 3137 870 3201 litore
883 3120 987 3202 veste's

128 3239 311 3318 Uvescunt3
326 3243 459 3303 eaedem
477 3241 648 3322 dispansae
663 3239 699 3301 in
713 3240 782 3302 sole
799 3249 996 3322 seresc'unta

128 3351 170 3408 At
186 3341 307 3427 neque,
319 3368 386 3428 quo
397 3359 494 3430 pacto
506 3339 685 3431 persederit
701 3349 822 3408 humor
840 3347 955 3428 aquai,

129 3447 246 3512 Visum
266 3459 330 3531 est,
350 3471 410 3514 nec
423 3455 556 3514 'rursum
573 3429 643 3531 quo
656 3463 752 3532 pacto
765 3451 886 3536 fugerit
903 3460 1005 3514 aestu.
1091 3475 1093 3480 ’

130 3555 168 3615 In
184 3575 301 3636 parvas
314 3553 417 3640 igitur
431 3545 553 3639 parteis
566 3553 765 3640 dispergitur
777 3558 917 3639 humor,

131 3662 219 3742 Quas
233 3647 323 3725 obuli
336 3663 428 3724 nulla
443 3671 578 3745 possunt
594 3661 720 3724 ratione
736 3662 859 3724 videre.

174 3765 261 3844 Quin
279 3766 396 3848 etiarn,
412 3765 523 3828 multis
542 3767 619 3828 solis
636 3767 850 3829 redeuntibus
865 3766 975 3849 anniS,

131 3871 280 3934 Annulus
289 3874 325 3935 in
336 3875 439 3962 digito
452 3875 877 3939 subtertenuaturhabendo
890 3897 899 3937 ε
