3034 5116
277 343 314 404 „
433 347 434 352 ,

243 479 245 486 ⁴
312 518 802 607 ttassn111.·v.644.
981 535 1037 600 103

81 679 125 739 Ut
135 680 275 738 tremere
288 673 324 737 in
340 682 428 739 terra
445 665 595 740 videatur
605 677 649 739 ab
658 678 794 741 artubus
804 676 840 739 id
848 679 939 757 quod

80 783 210 858 Decidit
220 783 398 863 abscisum
418 803 520 867 quom
535 773 627 849 mens
639 795 762 868 tamen,
783 796 885 869 atque
895 789 959 850 ho-

604 871 706 953 minis
717 891 767 954 vis

79 991 265 1060 Mobilitate
278 993 359 1057 mali
376 1012 445 1056 non
455 991 527 1074 quit
539 991 660 1056 sentire
675 994 844 1058 dolorem:

79 1105 118 1170 Et
130 1102 233 1167 simul
248 1102 285 1166 in
301 1121 432 1188 pugnae
443 1097 551 1163 studio
564 1101 653 1190 quod
664 1099 773 1162 dedita
785 1120 878 1166 mens
892 1109 958 1182 est,

81 1209 229 1289 Corpore
240 1225 315 1268 cum
330 1203 459 1284 reliquo
473 1222 619 1287 pugnam
631 1196 821 1282 caedei'sque
834 1203 986 1292 petessit:

79 1317 145 1378 Nec
164 1323 270 1395 tenet,
288 1310 445 1377 amissam
458 1311 586 1374 laevam
602 1329 678 1372 cum
695 1302 839 1396 tegmine
849 1305 946 1394 saepe
976 1328 981 1338 “

63 1419 171 1496 ‚Inter
180 1439 283 1500 equos
290 1421 445 1504 abstraxe
453 1427 560 1498 rotas,
580 1416 756 1497 falceisque
774 1417 937 1501 rapaceis:

79 1525 146 1586 Nec
157 1522 313 1586 cecidisse
322 1521 406 1585 alius
416 1523 579 1602 dextram,
595 1539 695 1601 quom
705 1519 850 1603 scandit,
864 1530 896 1584 et
907 1520 1015 1586 instat.
1110 1531 1113 1537 '

79 1628 163 1712 Inde
180 1626 266 1690 alius
277 1634 414 1689 conatur
424 1627 555 1688 ademto
571 1644 706 1712 surgere
724 1645 837 1716 crure,
1060 1714 1066 1720 ι

80 1731 192 1813 Quom
206 1727 326 1815 digitos
336 1727 437 1814 agitat
447 1737 582 1810 propter
593 1726 814 1794 moribundus
821 1727 916 1792 humi
928 1749 1005 1812 pes3

80 1831 117 1894 Et
127 1841 248 1914 caput,
263 1829 426 1894 abscisum
438 1830 547 1893 calido
561 1831 758 1917 viventeque
773 1842 906 1914 trunco,

80 1941 196 2004 Servat
209 1919 443 2002 humivoltum
453 1938 603 2021 vitalem,
621 1939 799 2020 cadosque
814 1939 989 2023 patenteis,
1014 1930 1018 1942 ’

81 2042 196 2106 Donec
207 2039 364 2121 reliquias
381 2039 504 2103 animai
518 2039 661 2104 reddidit
673 2027 810 2106 omneis.

120 2145 213 2231 Quin
228 2144 327 2207 etiam
342 2144 402 2207 tibi
421 2144 462 2226 si,
484 2145 598 2232 lingua
612 2127 774 2228 vibrante,
792 2145 934 2218 minanti
972 2159 976 2170 '

83 2247 248 2332 Serpentis
267 2248 372 2311 cauda
384 2257 415 2311 et
430 2267 569 2332 procero
581 2267 733 2333 corpore,
749 2260 927 2334 utrumque
978 2251 1037 2314 658

84 2354 126 2416 Sit
141 2353 288 2418 lubitum
304 2353 341 2416 in
357 2355 477 2417 multas
491 2353 612 2437 parteis
627 2355 786 2421 discidere
799 2358 902 2436 ferro,

87 2457 211 2521 Omnia
229 2457 295 2518 iam
308 2475 457 2519 seorsum
472 2477 602 2540 cernes,
620 2458 742 2522 amcisa
756 2459 880 2523 recenti

84 2568 246 2648 Vulnere,
262 2563 396 2647 tortari,
409 2574 442 2629 et
451 2574 576 2630 terram
589 2587 806 2652 conspergere
821 2570 918 2646 tabo,

84 2672 193 2752 Ipsam
202 2689 303 2752 seque
312 2678 400 2732 retro
411 2681 538 2754 partem
551 2681 663 2756 petere
682 2693 741 2734 ore
752 2666 914 2754 prIorem,

84 2776 239 2844 Vulneris
252 2773 398 2858 ardenti,
411 2785 448 2838 ut
459 2797 571 2840 morsu
581 2787 723 2863 premat,
737 2777 937 2840 ictadolore.

123 2883 290 2949 Omnibus
306 2903 376 2947 esse
387 2882 489 2970 igitur
506 2894 588 2952 totas
604 2884 751 2946 dicemus
769 2883 886 2946 inillis

85 2993 257 3058 Particulis
271 2992 418 3057 animas?
436 2991 527 3054 ntea
543 2989 672 3052 ratione
688 2999 855 3073 sequetur,

84 3101 196 3163 Unam
205 3099 407 3162 animantem
419 3094 545 3166 animas
555 3091 709 3156 habuisse
717 3091 755 3154 in
765 3080 1039 3178 corporemultas·

83 3204 171 3291 Ergo
184 3200 289 3266 divisa
302 3209 350 3264 est
361 3216 417 3277 ea,
433 3217 517 3280 quae
533 3195 597 3258 tuit
614 3213 682 3258 una
695 3193 795 3258 simul
807 3217 884 3258 curn

84 3316 250 3396 Corpore:
269 3314 471 3392 quapropter
480 3303 620 3367 mortale
629 3310 806 3383 utrumque
814 3303 999 3386 putandum

312 3419 316 3436 “
340 3437 342 3442 ·
613 3405 677 3492 esta

82 3531 121 3594 In
132 3529 257 3592 multas
269 3525 427 3608 quoniam
442 3523 562 3609 parteis
574 3519 745 3586 disciditur
756 3538 870 3600 aeque.

121 3637 315 3713 Praeterea,
327 3629 355 3694 si
367 3627 565 3693 immortalis
575 3635 693 3688 natura
706 3621 831 3686 animai

83 3745 239 3823 Constat,
255 3748 288 3802 et
305 3737 341 3800 in
355 3755 473 3820 corpus
491 3730 697 3797 nascentibus
713 3729 916 3805 insinuatur,

83 3850 157 3910 Cur
168 3864 269 3927 super
285 3852 467 3906 anteactam
487 3847 627 3904 aetatem
645 3835 839 3899 meminisse
848 3827 1044 3916 nequimus,

81 3949 153 4016 Nec
167 3947 307 4035 vestigia
315 3955 479 4036 gestarum
496 3963 607 4010 rerum
621 3945 691 4008 ulla
707 3942 876 4008 tenemus?
