3034 5116
281 402 284 411 ·
357 369 849 436 arcun111.·v.20a
1014 337 1085 462 ’ἐς
1149 319 1153 342 ³

118 511 311 594 Asperaque
321 502 554 598 inveniuntur,
573 531 612 580 eo
625 513 770 600 stabilita
785 515 894 604 'magis
903 482 991 582 sunt.

159 623 257 684 Nunc
267 619 386 708 igitur,
405 619 565 702 quoniam
580 633 628 684 est
644 622 748 686 animi
764 636 884 690 natura
901 637 1032 710 reperta

115 726 254 790 Mobilis
266 727 416 824 egregie,
434 747 596 811 perquam
611 739 761 794 constare
772 753 903 796 necesse
917 743 965 796 est

116 834 322 918 Corporibus
338 835 464 918 paruis,
479 845 512 898 et
522 835 691 915 laevibus,
711 814 809 915 atque
825 837 986 901 rotundis.

113 937 213 1020 Quae
225 934 286 998 tihi
297 920 430 1022 cognita
446 959 498 1002 res
511 937 548 1000 in
558 937 687 1018 multis,
700 957 720 1000 ο
731 940 833 1021 bone,
850 941 955 1004 rebus.
1029 953 1030 960 ’

112 1041 216 1110 Utilis
230 1039 439 1125 invenietur,
449 1053 483 1106 et
497 1049 684 1126 opportuna
698 1043 833 1106 cluebit.

156 1146 249 1206 Haec
258 1165 390 1226 quoque
403 1167 455 1210 res
465 1146 566 1210 etiarn
580 1157 732 1210 naturam
747 1147 879 1212 dedicat
889 1147 978 1231 eius,

110 1253 227 1335 Quam
237 1251 333 1312 tenui
341 1240 467 1315 constet
478 1259 625 1327 textum
639 1271 806 1333 quamque
817 1254 892 1316 loeo
903 1274 939 1316 se

109 1351 291 1416 Continent
301 1373 424 1438 parvo,
437 1354 466 1417 si
476 1357 582 1438 possit
598 1357 858 1442 conglomeras-i:

110 1456 229 1538 Quod,
245 1457 449 1539 simulatque
458 1459 701 1522 hominomleti
712 1479 828 1523 secura
840 1459 934 1541 quies
946 1469 994 1525 est
1074 1544 1077 1550 ,

107 1560 268 1645 Indepta,
280 1563 379 1646 atque
392 1567 497 1631 animi
510 1573 628 1631 natura
641 1567 838 1648 animaeque
851 1569 1000 1652 recessit,

107 1667 166 1732 Nil
179 1668 230 1733 ihi
244 1671 384 1738 libatum
396 1679 438 1740 de
450 1686 518 1741 toto
536 1697 676 1761 corpore
690 1697 805 1741 cernas

106 1784 161 1847 Ad
170 1764 332 1862 speciem,
347 1783 397 1846 nil
404 1785 450 1846 'ad
457 1787 602 1867 pondus:
622 1805 711 1848 mors
723 1783 837 1846 omnia
852 1793 1014 1868 praestat,
1127 1847 1132 1854 .

106 1890 254 1959 Vitalem
263 1901 394 1973 praeter
403 1913 551 1975 sensum,
562 1893 775 1972 calidumque
784 1901 954 1976 vaporem.

147 2000 239 2083 Ergo
257 1996 405 2058 animam
418 2006 520 2060 totam
539 1995 710 2080 perparvis
727 2015 795 2059 esse
812 2015 942 2058 necesse
954 1999 1002 2056 cst
1068 1995 1070 2002 ’

108 2100 311 2182 Seminibus,
328 2121 448 2164 nexam
461 2107 649 2185 per'tenas,
664 2098 804 2180 viscera,
825 2115 962 2160 nervos:
1014 2095 1073 2160 arti

109 2209 291 2292 Quatenus,
310 2206 418 2270 omnis
432 2207 492 2270 ubi
506 2228 526 2270 e
541 2211 610 2270 foto
624 2206 691 2268 iam
708 2223 846 2288 corpore
865 2201 982 2285 cessit,
1064 2228 1070 2241 ·

106 2312 239 2376 Eutime
248 2313 478 2375 membrorum
489 2300 750 2378 circumcaesura
765 2319 876 2371 tamen
886 2329 921 2371 se

104 2419 314 2482 Incolumem
330 2425 488 2499 praestat,
507 2435 569 2479 nec
584 2414 664 2479 defit
678 2415 834 2498 ponderis
849 2415 975 2478 hilum:

104 2525 206 2610 Quod
217 2543 323 2609 genus
333 2533 396 2604 est,
413 2521 533 2586 Bacchi
542 2541 643 2602 quom
657 2524 717 2586 flos
730 2521 882 2602 evanuit,
896 2530 954 2583 aut
964 2539 1071 2601 quom

105 2629 247 2713 Spiritus
258 2629 420 2716 unguenti
432 2629 542 2693 suavis
557 2625 690 2716 diffugit
706 2627 743 2691 in
757 2647 870 2707 auras;

105 2741 170 2804 Aut
183 2743 295 2823 aliquo
311 2759 413 2820 quom
427 2739 496 2802 iam
508 2757 623 2801 succus
640 2723 835 2818 de'corpore
847 2733 959 2801 cessit:
1059 2793 1062 2802 .

30 2893 32 2902 ,η
106 2847 162 2908 Nil
174 2847 276 2942 oeulis
291 2855 402 2912 tamen
418 2867 486 2908 esse
499 2845 610 2906 minor
621 2863 673 2904 res
684 2843 755 2923 ipsa
766 2844 898 2905 videtur
993 2879 997 2886 ,

104 2955 299 3037 Propterea,
312 2974 419 3035 neque
430 2955 611 3014 detractum
625 2951 667 3009 de
677 2951 824 3030 pondere
835 2933 1035 3028 quidquer'rrr

88 3063 288 3147 Nimirum,
307 3061 386 3145 quia
399 3064 504 3126 multa
520 3059 715 3138 minutaque
726 3057 976 3120 seminasuccos

98 3167 273 3250 Effieiunt,
286 3180 317 3231 et
327 3157 464 3230 odorem
476 3167 513 3228 in
529 3175 597 3228 toto
613 3165 752 3247 corpore
772 3185 894 3227 rerum.

139 3263 257 3357 Quare
266 3269 365 3332 etiarn
375 3280 474 3350 atque
487 3267 586 3331 etiam
597 3265 715 3329 mentis
725 3276 876 3328 naturam
887 3265 964 3350 aui-
1070 3329 1074 3338 ,

615 3399 774 3459 ,maeque

96 3483 196 3552 Scire
203 3483 282 3547 licet
291 3506 452 3568 perquam
466 3485 622 3569 pauxillis
636 3502 704 3548 esse
719 3492 862 3548 creatam
883 3498 886 3507 ·

58 3629 63 3640 ·
94 3589 304 3667 διωὶιιὶὴως
320 3590 477 3672 quoniam
493 3589 621 3677 fugiens
635 3589 685 3653 nil
698 3591 854 3674 ponderis
869 3587 985 3654 aufertl
1022 3663 1026 3678 Ι
1057 3575 1059 3582 ’

136 3695 169 3754 N
170 3701 332 3756 ectamen
341 3697 424 3758 llaec
432 3693 572 3778 simplex
584 3693 679 3757 uobis
693 3703 811 3757 natura
822 3695 970 3778 putanda
979 3681 1043 3766 est:

93 3797 226 3864 Tenuis
236 3799 325 3876 eninr
337 3803 499 3882 quaedam
509 3798 858 3891 moribundos‘deserit
871 3820 951 3866 aura
1035 3789 1038 3799 '
1068 3860 1071 3871 ,
