2940 5114
359 440 561 535 mcc
600 401 804 506 unua
1001 455 1058 538 ως

92 579 220 650 Omnia
235 575 326 646 enim
344 579 469 664 pariter
488 591 653 665 crescunt,
670 591 703 646 ct
712 586 833 648 robora
845 577 989 653 sumunt.

134 693 252 776 Quare
262 687 359 754 ctiam
370 696 469 768 atquc
480 686 580 751 etiam
594 698 912 784 maternumlncmen
923 691 1041 782 adepta

91 803 200 864 Terra
216 806 304 862 tenet
316 795 435 860 merito
442 841 452 880 ,
464 796 622 877 quoniam
635 819 740 884 genus
750 800 821 884 ipsa
834 803 958 868 creavit

89 909 290 992 Humanum
299 948 308 984 ,
317 908 414 983 atque
424 901 575 966 animans
583 921 687 986 prope
698 912 788 970 certo
800 915 947 992 tempore
959 908 1060 972 fudit

91 1015 223 1094 Omne,
233 1012 324 1092 quod
334 1007 370 1102 tn
381 1007 509 1095 magnis
518 1012 697 1084 bacchatur
706 1013 866 1077 montihu’
875 995 1014 1102 palatim,

90 1121 276 1202 Ab'riasque
290 1118 390 1184 simul
405 1117 568 1181 volucrcis
584 1116 781 1186 variantibu’
790 1122 916 1188 formis.

89 1225 266 1309 Sed,-quia
276 1222 376 1286 finem
387 1221 532 1304 aliquam
544 1207 701 1304 pariundi
712 1227 963 1314 debethabcrc,
1183 1214 1206 1298 ι’
1237 1295 1238 1301 ,

91 1331 245 1416 Destitit,
257 1340 294 1393 ut
305 1329 443 1409 mulier,
453 1326 561 1411 spatio
571 1328 696 1394 defessa
711 1340 849 1396 vetusto.

92 1439 207 1501 Mutat
216 1435 306 1500 enim
318 1433 437 1498 mundi
446 1442 597 1497 naturam
616 1433 715 1502 totius
725 1445 832 1521 aetas,

91 1546 144 1606 Ex
156 1543 291 1623 alioque
297 1541 384 1606 alius
396 1549 498 1606 status
514 1539 665 1624 exeipem
680 1543 794 1606 omnia
806 1547 923 1631 dehet,

91 1654 163 1726 Nec
173 1659 287 1712 manet
299 1650 368 1712 ulla
382 1645 435 1712 sui
446 1643 564 1711 similis
576 1665 646 1710 rest
662 1647 776 1712 omnia
790 1651 952 1740 migrant,

94 1753 221 1819 Omnia
235 1761 416 1818 commutat
423 1754 559 1832 Natura,
576 1760 609 1814 et
617 1760 746 1816 vortere
756 1755 853 1843 cogit.

92 1867 248 1945 Namque
258 1860 349 1928 aliud
358 1859 532 1945 putrescit,
546 1869 592 1942 et,
602 1880 684 1923 aevo
694 1862 818 1946 debile,
833 1864 986 1954 langucta

92 1970 201 2034 Porro
212 1966 305 2046 aliud
316 1964 512 2049 concrescit,
529 1973 593 2030 cte
609 1967 827 2034 contemtihua
844 1968 920 2033 exit

92 2072 147 2136 Sic
157 2071 262 2159 igitur
273 2059 391 2136 mundi
406 2080 558 2156 naturam
576 2071 672 2136 totius
688 2081 776 2136 aetas
860 2125 876 2160 ,

18 2233 21 2268 5
94 2183 219 2261 Mutat,
234 2188 267 2243 et
277 2175 394 2264 exalic
407 2185 529 2242 terram
542 2187 643 2244 status
655 2176 776 2262 excipit
787 2181 885 2246 alter:
993 2184 1055 2248 8³3

95 2287 198 2371 Quod
207 2285 329 2368 potuit,
343 2285 500 2365 nequeat3
510 2283 627 2367 possit,
638 2287 729 2365 quod
742 2303 811 2348 non
828 2286 902 2350 tulit
915 2297 1002 2358 autc.

106 2393 112 2404 “
134 2395 308 2474 Multaque
320 2401 391 2456 tum
402 2394 496 2460 tellus
510 2393 609 2456 etiam
625 2401 777 2476 portenta
793 2414 904 2457 creare

97 2505 225 2564 conata
234 2508 301 2579 est,
313 2496 398 2564 mira
412 2490 513 2582 facia,
531 2499 753 2579 membrisque
770 2509 895 2575 coorta;

95 2604 432 2692 Androgyneminter
442 2616 547 2690 utras,
558 2627 621 2671 nec
631 2603 820 2691 utramque,
835 2606 990 2690 utrinque

626 2721 808 2774 remotum:

99 2815 191 2878 orba
206 2817 329 2899 pedum
338 2816 475 2900 partim,
487 2835 647 2879 manuum
658 2816 792 2879 viduata
802 2799 945 2882 viciscim
956 2843 965 2899 ;

99 2920 205 2982 Multa
219 2918 291 2982 sine
304 2938 363 2982 ore
377 2918 492 3000 etiam,
508 2917 579 2982 sinc
593 2919 686 2980 voltu
701 2935 797 2978 caeca
811 2931 957 3001 reperta3

99 3023 285 3104 Vinctaque
299 3024 524 3086 membrorum
538 3021 599 3104 per
610 3029 715 3082 totum
731 3037 850 3100 corpus
864 3023 1027 3088 adhaesa:

98 3131 166 3192 Nec
174 3129 328 3192 facerent
337 3135 468 3215 poscent
477 3125 669 3207 quidquam,
678 3143 740 3186 nec
748 3123 865 3190 cedere
872 3131 1051 3211 quoquam,

99 3238 167 3301 Nec
177 3235 282 3300 uitare
293 3229 436 3316 matuta,
450 3253 511 3296 nce
522 3253 650 3298 sumere
661 3235 751 3314 quod
761 3233 850 3296 foret·
855 3255 941 3298 usus.

139 3345 258 3406 Cetera
270 3343 311 3403 de
325 3359 446 3426 gencre
456 3339 521 3401 hoc
531 3347 677 3402 monstra
687 3335 727 3401 ac
736 3348 886 3420 portenta
896 3341 1039 3408 creabat:

100 3447 350 3530 Nequidquam
367 3442 525 3525 quoniam
538 3445 661 3505 Natura
676 3441 850 3506 absterruit
860 3451 1011 3507 auctum:

99 3554 169 3614 Nec
179 3561 317 3635 potuere
328 3549 477 3632 cupitum
492 3546 606 3611 aetatis
618 3557 752 3632 tangere
763 3548 896 3630 florem,

100 3661 170 3720 Nec
180 3654 325 3741 reperire
337 3653 465 3735 cibum,
479 3672 541 3715 nec
553 3651 649 3738 iungi
662 3651 868 3734 perveneris
884 3656 945 3714 tes.
967 3671 972 3680 ’

101 3767 227 3848 Multa,
236 3763 503 3858 videmus,enim
513 3764 610 3826 rebus
623 3781 820 3826 concurrere
836 3763 973 3846 debent,

102 3875 150 3938 Ut
165 3877 381 3961 propagando
392 3873 517 3957 possint
533 3871 714 3956 producere
722 3874 820 3936 secla.
866 3926 871 3933 .
949 3891 953 3898 ·

1113 999 1133 1030 N
