2940 5114
382 468 441 528 ms
589 464 662 540 un¹
686 461 874 522 uenum
903 457 1125 559 uiuunt
1174 475 1207 517 v.
1232 458 1298 535 167.

377 609 417 670 Id
429 579 504 670 lieet
516 605 597 668 hinc
607 603 706 668 etiam
720 620 932 691 cognoscere:
954 601 1091 664 caedere
1104 597 1246 680 siquem

377 709 522 794 Ancipiti
537 710 649 773 videas
660 711 748 776 ferro
761 708 879 792 procul
896 704 1024 770 arboris
1038 713 1190 783 auctum,

376 818 461 878 Ante
474 811 511 874 tit
521 823 558 875 ut
567 831 681 876 cernas
692 811 812 894 ictum,
826 828 924 891 quam
938 809 1038 894 plaga
1049 827 1110 890 per
1119 823 1217 866 auras
1304 859 1307 864 .

323 926 325 934 '
377 922 443 983 Det
451 918 595 981 sonitum
606 939 614 979 τ
627 917 675 981 sie
690 919 855 1004 fulgorem
863 897 996 997 quoque
1009 909 1174 974 ceruimus
1183 919 1280 991 ente,

378 1028 489 1110 Quam
501 1024 666 1086 tonitrum
681 1023 879 1107 accipimus,
892 1019 1016 1104 pariter
1029 1017 1089 1099 qui
1097 1014 1240 1078 mittitur
1248 1012 1320 1100 igni
1332 1067 1335 1076 .

377 1131 418 1192 Et
431 1125 533 1191 simili
546 1139 659 1209 causa,
673 1146 834 1190 concursu
849 1133 943 1186 natus
956 1125 1084 1187 eodem.

418 1233 493 1294 Hoc
506 1228 605 1293 etium
618 1240 716 1313 pacto
732 1227 861 1293 volucri
873 1229 947 1290 loca
960 1224 1087 1288 lumine
1103 1224 1237 1312 tingunt

378 1341 505 1422 Nubes,
517 1347 550 1402 et
559 1340 703 1401 tremulo
715 1345 888 1420 tempestas
900 1333 1022 1417 impete
1038 1333 1153 1420 fulgit:

380 1448 507 1510 Ventus
521 1443 581 1507 uhi
594 1443 715 1507 invasit
726 1447 867 1524 nubem>
878 1451 911 1505 et
920 1449 1067 1504 vorsatus
1076 1428 1203 1502 ibidem

380 1547 487 1628 Fecit,
497 1551 633 1629 utente,
649 1567 781 1630 cavam,
793 1546 907 1627 docui,
924 1543 1115 1628 spissescere
1128 1547 1270 1623 nubem3
1341 1583 1345 1592 ι

382 1648 566 1718 Mobilitate
580 1673 640 1716 sua
657 1651 822 1733 fervescit,
834 1661 873 1714 ut
885 1649 999 1714 omnia
1013 1659 1106 1712 motu

264 1757 266 1764 ’
383 1762 601 1825 Percalefaeta
616 1761 707 1826 vides
725 1765 911 1824 ardescere:
929 1761 1086 1842 plumbea
1097 1764 1178 1822 ve'ro

385 1872 487 1960 Glans
503 1869 718 1955 etiamlcngo
735 1881 831 1932 cursu
847 1869 1013 1931 volvundu
1024 1865 1185 1949 liquescit.

386 1979 474 2061 Ergo
489 1975 633 2039 fervidus
645 1978 715 2058 hic,
729 1979 853 2040 nubem
863 1993 965 2056 quom
975 1971 1132 2057 perscidit
1145 1983 1268 2050 atram,

385 2080 541 2161 Dissupat
554 2078 695 2160 ardoris,
707 2079 800 2160 quasi
810 2099 871 2160 per
885 2059 954 2139 vini
971 2095 1136 2160 expressa,
1151 2084 1289 2158 repente

387 2181 534 2262 Semina,
548 2205 633 2264 quae
646 2182 774 2247 faciunt
785 2181 944 2245 nictantia
956 2182 1089 2266 fulguru
1101 2181 1273 2242 flammae:
1291 2179 1344 2239 rtlu

388 2287 470 2348 Inde
480 2306 581 2351 sonus
594 2286 757 2369 sequitur,
770 2287 828 2367 qui
842 2287 967 2352 tardius
979 2284 1083 2377 allicit
1096 2283 1221 2364 aureis,

389 2391 499 2473 Quam
512 2390 807 2472 quaeperveniunt
821 2392 995 2453 oculorum
1010 2393 1052 2454 ad
1063 2389 1182 2453 limina
1197 2397 1316 2454 nostra.

390 2493 522 2558 Scilicet
536 2495 601 2556 hoe
612 2494 721 2558 densis
732 2492 770 2558 fit
784 2495 944 2577 nubibus,
957 2504 990 2558 et
1001 2496 1102 2559 simul
1115 2497 1181 2558 ulte

390 2597 568 2662 Exsuuctis
580 2597 652 2662 aliis
664 2599 745 2663 alias
757 2619 856 2682 super
868 2599 992 2683 impete
1008 2600 1106 2663 mire.

313 2770 316 2777 ,
432 2705 463 2764 N
464 2723 500 2766 ec
514 2703 574 2765 tibi
589 2697 630 2766 sit
642 2703 767 2786 fraudi,
779 2707 869 2786 quod
878 2725 940 2768 uos
950 2704 1082 2769 inferne
1091 2705 1243 2770 videmus

300 2805 305 2822 '
392 2809 503 2893 Quam
513 2806 580 2871 sint
591 2809 658 2870 luta
667 2807 899 2894 magis‚quam
908 2830 1038 2873 sursum
1048 2821 1211 2875 exstructa
1221 2811 1303 2894 quid

920 2924 1055 2978 exstent.

395 3016 645 3098 Contemplator
661 3015 768 3098 enim,
781 3033 897 3099 quom,
909 3020 1076 3084 montibus
1091 3020 1291 3106 adsimilata,
1332 3017 1335 3022 ’

396 3119 518 3184 Nubila
531 3122 708 3202 portabunt
720 3120 811 3184 venti
829 3121 1013 3184 transversa
1024 3143 1085 3206 per
1098 3143 1212 3203 auras3

397 3229 464 3289 Aut
475 3226 534 3288 ubi
546 3248 607 3310 per
621 3247 759 3312 magnos
770 3229 910 3292 monteis
925 3217 1230 3298 cumulata'videbis

384 3414 386 3422 y
398 3335 538 3416 Insuper
553 3355 621 3397 esse
630 3333 792 3416 aliis-alia,
804 3347 903 3418 atque
916 3358 1034 3424 urgere
1047 3327 1200 3421 superna*

398 3438 441 3499 ln
456 3434 595 3554 stetique
608 3439 727 3518 locata,
741 3439 877 3520 sepultis
893 3443 1040 3523 undique
1053 3441 1176 3508 ventis:

400 3549 489 3612 Tum
501 3547 624 3630 poteris
635 3567 771 3636 magnas
787 3549 904 3614 meleis
918 3528 1113 3637 cognescens
1123 3571 1239 3614 eorum
1250 3541 1282 3633 ‚⁵

400 3656 645 3738 speluncasque
657 3658 762 3738 velut,
778 3654 863 3722 saxis
879 3655 1090 3738 pendentibu’
1099 3668 1250 3741 structas,

402 3767 562 3840 Cernere3
578 3783 659 3846 quas
671 3763 763 3828 venti
775 3782 894 3845 mom,
911 3773 1099 3846 tempestate
1112 3777 1239 3847 coorta,

404 3867 633 3953 (implerunt,
652 3887 774 3956 magno
786 3867 1002 3955 indignantur
1009 3889 1181 3936 murmure
1194 3866 1275 3935 clusi

436 4584 545 5050 t
685 4601 953 5050 l}
