3034 5116
405 391 445 460 92
604 365 672 431 DE
698 363 888 427 RERUM
914 357 1138 423 NATURA
1201 377 1233 420 v.
1256 376 1323 442 ²97·

407 522 483 604 Quo
494 537 614 605 genere
626 515 663 577 iri
676 510 793 597 primis
810 505 861 572 vis
872 515 919 570 est
933 473 1079 568 vioienta
1089 504 1244 581 leonum,

407 625 543 688 Pectora
557 617 615 700 qui
630 613 765 679 fremitu
780 619 940 693 rumpunt
952 610 1150 692 plerumque
1163 613 1349 694 gementes,

406 724 474 785 Nec
488 741 605 802 capere
620 719 746 781 irarum
758 717 874 777 tinctus
888 713 923 775 in
936 722 1068 796 pectore
1082 720 1227 793 possunt.

406 831 450 892 at
463 835 598 893 ventosa
612 823 719 910 magis
733 839 909 894 cervorum
921 817 1046 903 frigida
1054 837 1148 882 mens
1158 827 1224 899 est,

406 935 448 996 Et
462 929 586 1019 gelidas
600 927 696 992 eitius
712 947 773 1010 per
784 924 910 988 viscera
922 921 1191 998 concitionem

408 1040 502 1124 Quae
512 1028 690 1098 tremulum
704 1031 830 1096 faciunt
843 1027 1001 1091 membris
1016 1023 1168 1090 exsistere
1183 1031 1322 1088 motum.

407 1145 450 1205 At
465 1137 586 1203 natura·
597 1141 700 1203 boum
716 1136 848 1220 placido
859 1133 964 1222 magis
981 1138 1057 1196 alite
1071 1131 1176 1212 vivit,
1302 1125 1303 1132 '

408 1247 476 1306 Nec
486 1241 595 1308 minus
607 1243 670 1306 irai
683 1243 741 1306 ian
747 1259 917 1322 nunquam
934 1239 1065 1302 subdita
1077 1237 1182 1322 percit

409 1350 563 1431 Fumida,
576 1345 768 1413 suffundens
778 1365 893 1410 caecae
909 1345 1049 1432 oelignis
1061 1347 1230 1425 umbram

408 1457 476 1520 Nec
488 1455 606 1542 gelidis
620 1465 725 1538 torpet
737 1452 809 1518 telis
822 1451 948 1536 perfixa
961 1444 1111 1536 peeorist

409 1565 501 1628 luter
517 1574 670 1642 utrasque
685 1561 746 1624 sita
761 1571 825 1643 est,
843 1577 957 1624 cervos
972 1573 1152 1641 saevosque
1167 1562 1292 1625 leones.

333 1745 335 1749 ,
451 1673 505 1736 Sic
515 1671 690 1752 lromitruur
703 1689 806 1756 genus
818 1671 1045 1764 estrquamris
1058 1671 1210 1734 doctrina
1224 1670 1348 1754 politos
1464 1668 1471 1747 Ξ

353 1854 356 1862 ⁴
411 1775 729 1858 Constituatpuriter
742 1777 915 1856 quosdam,
931 1783 1042 1838 tamen
1057 1773 1116 1837 illa
1133 1773 1292 1855 relinquit
1366 1784 1370 1793 '

351 1909 356 1924 ·
410 1887 554 1948 Naturae
564 1878 748 1961 quoiusque
759 1879 892 1943 animae
911 1877 1052 1965 vestigia
1059 1879 1188 1962 prima:

411 1989 479 2050 Nec
492 1965 647 2048 radicitus
664 1981 762 2045 evelli
782 1984 871 2046 mala
888 1973 1185 2066 posse'putandum
1199 1990 1261 2066 est,
1311 1987 1369 2046 311

412 2087 505 2174 Quin
517 2083 697 2170 proclivius
711 2083 767 2148 hi'c
785 2085 850 2150 iras
865 2088 1019 2150 decurrat
1037 2088 1080 2148 ad
1093 2085 1215 2165 acreis3
1345 2073 1348 2082 ¹

411 2193 475 2254 Ille
488 2203 586 2254 metu·
595 2189 691 2254 eitius
703 2191 818 2272 paullo
839 2199 998 2270 tentetur3
1013 2201 1046 2256 at
1057 2191 1116 2256 ille

412 2298 542 2362 Tertius
557 2297 696 2380 accipiat
711 2301 873 2380 quaedam
887 2299 1080 2365 clementius
1096 2319 1225 2382 aequo:

380 2403 383 2410 '
411 2408 519 2486 Inque
535 2405 609 2468 aliis
622 2405 719 2468 rebus
736 2405 851 2471 multis
866 2402 1000 2470 differre
1018 2417 1215 2474 necesseest
1309 2424 1312 2432 '
1352 2395 1355 2402 ¹

412 2517 553 2578 Naturas
564 2513 738 2577 hominurn
754 2514 878 2598 varias,
896 2535 1069 2598 moresque
1083 2517 1269 2600 sequaceis:

414 2626 565 2710 Quorum
576 2641 638 2708 ego
652 2643 742 2685 nunc
754 2641 883 2702 nequeo
897 2639 1008 2686 caecas
1021 2641 1187 2707 exponere
1203 2642 1335 2708 oenus,

413 2729 482 2790 Nec
498 2725 644 2808 reperire
656 2723 836 2812 figurarum
858 2736 906 2790 tot
920 2727 1073 2810 nomina,
1089 2737 1172 2812 quot
1179 2713 1266 2795 sunt
1301 2735 1320 2763 '⁴
1338 2758 1341 2768 ·

413 2831 604 2918 Principiis,
623 2833 713 2896 unde
728 2833 811 2896 haee
823 2832 930 2896 oritur
944 2833 1107 2900 variantia
1120 2857 1243 2900 rerum.
1269 2821 1274 2834 ⁹

453 2937 594 3026 llludgin
611 2935 663 3002 his
674 2939 773 3004 rebus
789 2937 909 3003 videor
920 2937 1053 3003 firmare
1070 2951 1220 3024 potesse,
1268 2967 1274 2978 ·
1344 2927 1347 2932 ⁵

414 3050 530 3144 Usque'
539 3043 623 3113 ad'eo
635 3057 828 3112 naturarum
839 3048 977 3136 vestigia
993 3049 1103 3130 linqui

415 3161 570 3241 Parvola,
589 3178 674 3240 quae
691 3167 832 3240 nequeat
847 3159 933 3222 ratio
947 3158 1111 3240 depellere
1130 3159 1242 3224 dictis:
1341 3144 1347 3159 ¹

415 3263 460 3324 Ut
476 3261 734 3346 nihil'inipediat
748 3261 882 3348 ‘dignam
900 3256 959 3325 Dis
976 3263 1096 3347 degere
1116 3261 1248 3342 vitam„

388 3357 400 3448 λ’
455 3373 548 3434 Haec
557 3369 791 3456 igitu'rffinatura
800 3371 935 3432 'tenetur
948 3387 1084 3451 corpore
1098 3369 1141 3430 ab
1156 3363 1270 3446 omni,

390 3491 399 3514 ⁹
415 3479 557 3561 Ipsaque
573 3477 719 3562 corporis
735 3486 783 3541 est
799 3484 921 3558 custos,
939 3485 972 3540 et
989 3495 1086 3540 causa
1101 3475 1233 3552 salutis3

416 3587 500 3648 Nam
513 3582 744 3649 communibus
762 3583 850 3647 inter
867 3603 903 3647 se
915 3565 1081 3646 radicibus
1093 3584 1248 3665 haerent,

416 3691 485 3752 Neo
499 3689 571 3752 sine
587 3687 734 3771 pernicie
749 3681 864 3751 divelli
877 3703 972 3770 posse
990 3685 1155 3749 videntur.
1259 3706 1266 3716 ·

373 3807 378 3828 ¹
417 3795 518 3879 Quod
530 3805 652 3882 genus,
667 3809 687 3857 e
701 3789 781 3858 turis
795 3791 901 3879 glebis
914 3789 1055 3856 evellere
1074 3791 1212 3856 odorem
