3056 5126
438 446 474 509 18
623 443 700 506 'DE
727 443 921 508 RERUM
949 441 1171 506 nt‘rt'nn
1225 464 1260 505 v.
1280 447 1357 524 377.

434 589 475 651 Et
487 595 614 650 mutare
626 589 753 668 locum,
768 589 918 668 quamvis
934 589 1001 652 sint
1015 591 1128 653 omnia
1142 591 1254 672 plena.

434 694 564 758 Scilicet
575 695 611 756 id
625 696 705 758 salsa
726 707 831 758 totum
847 697 974 760 ratione
990 709 1157 782 receptum
1171 707 1229 760 est.

434 803 518 863 Nam
529 822 596 881 quo
610 800 810 885 squamigeri
829 813 984 883 poterunt
1000 805 1179 885 procedere
1196 806 1353 889 modern,

433 905 478 966 Ni
491 904 632 986 spatium
651 903 803 966 dederint
818 903 951 967 latices?
970 907 1151 968 concedere
1167 925 1270 987 porro
1295 945 1301 954 ·

434 1013 511 1095 Quo
521 1021 677 1092 poterunt
689 1012 819 1091 undae,
839 1033 916 1074 curn
931 1010 1035 1096 pisces
1047 1009 1097 1072 ire
1115 1011 1322 1091 nequibunt?

434 1117 499 1174 Aut
512 1113 615 1198 igitur
629 1123 721 1174 motu
733 1113 935 1196 privandum
945 1125 993 1178 est
1005 1133 1144 1196 corpora
1154 1133 1303 1194 quaeque
1313 1159 1327 1195 ,

434 1223 498 1280 Aut
512 1239 580 1280 esse
592 1219 776 1280 admixtum
789 1219 971 1282 dicundum
985 1229 1034 1284 est
1046 1221 1145 1284 rebus
1155 1217 1272 1296 inane;

434 1325 531 1388 Unde
542 1324 662 1386 initum
671 1325 818 1408 primum
829 1325 936 1408 capiat
947 1345 1000 1388 res
1011 1343 1162 1406 quaeque
1172 1323 1345 1388 movendi.

475 1435 660 1514 Postremo,
670 1433 789 1495 duone
803 1451 966 1494 concurso
979 1451 1117 1516 corpora
1130 1434 1198 1496 late

436 1541 470 1604 si
482 1540 545 1602 cita
557 1541 734 1622 dissiliant,
746 1539 936 1622 nempe'aer
947 1560 1048 1603 omne
1061 1561 1191 1604 necesse
1201 1546 1263 1622 est,

435 1644 526 1704 Inter
536 1662 675 1726 corpora
688 1645 780 1724 quod
791 1641 864 1724 fiat,
875 1643 1021 1724 possidat
1030 1643 1141 1708 inane.
1174 1729 1178 1736 ι

434 1751 467 1813 Is
475 1770 579 1832 porro
589 1749 753 1832 quamvis,
763 1752 887 1813 circum
900 1750 1120 1814 celerantibus
1129 1751 1232 1834 auris,
1266 1819 1274 1836 ἱ

435 1856 601 1935 Confluat,
612 1857 702 1918 haud
712 1855 833 1938 poterit
843 1866 953 1920 tamen
963 1877 1032 1920 nno
1046 1868 1192 1940 tempore
1207 1866 1315 1920 totum

434 1959 603 2046 Compleri
618 1960 862 2044 spatiumanam
870 1961 1018 2044 primunr
1025 1983 1190 2044 quemque
1199 1969 1396 2026 necesseect

432 2064 524 2130 'Occu
526 2077 583 2150 pet
595 2068 653 2131 ille
665 2070 794 2150 locum,
804 2068 926 2132 deinde
934 2069 1048 2133 omnia
1058 2069 1297 2156 possideantur.

396 2184 399 2192 '
476 2172 575 2253 Quod
586 2171 614 2234 si
623 2173 708 2234 sorte
722 2169 853 2252 aliquis,
864 2191 966 2250 quom
980 2191 1120 2254 corpora
1136 2170 1328 2256 dissiluere,
1341 2176 1405 2255 ³9²

435 2283 521 2344 Tum
533 2283 626 2361 putat
638 2272 674 2334 id
685 2271 774 2353 fieri,
785 2272 865 2353 quia
877 2293 912 2336 se
930 2273 1128 2334 condenseat
1141 2276 1213 2351 aer,

435 2387 545 2448 Errat:
556 2397 786 2442 namvacuum
799 2389 870 2440 tum
879 2375 932 2459 fit,
943 2381 1033 2459 quod
1044 2376 1187 2442 nonfuit
1198 2384 1294 2460 ante,
1318 2459 1323 2466 .

435 2493 476 2554 Et
486 2490 631 2572 repletur
644 2485 722 2547 item
732 2531 741 2566 ,
750 2505 894 2548 vacuum
902 2487 992 2565 quod
1004 2483 1148 2548 constitit
1162 2490 1255 2561 ante3

435 2601 502 2663 Nec
517 2595 573 2658 tali
587 2593 713 2656 ratione
727 2601 832 2674 potest
846 2590 1011 2654 denserier
1024 2596 1099 2673 aer,

435 2699 555 2781 Nec,si
565 2698 633 2760 iam
643 2705 752 2779 posset
757 2695 848 2776 ,sine
859 2695 952 2756 inani
963 2705 1086 2779 posset,
1096 2696 1229 2780 opinor,
1250 2749 1253 2762 .

434 2813 509 2894 Ipse
518 2808 553 2871 in
563 2827 598 2869 se
606 2805 744 2885 trahere,
754 2813 786 2866 et
796 2801 917 2885 parteis
928 2806 1111 2881 conducere
1123 2804 1159 2866 in
1168 2823 1284 2866 unum.

435 2903 660 3005 Quapropter,
672 2912 821 2995 quamvis
836 2915 1000 2974 causando
1012 2913 1117 2974 multa
1128 2909 1286 2991 moreris,

348 3028 350 3039 ¹
434 3027 510 3089 Esse
519 3022 555 3086 in
568 3023 665 3085 rebus
680 3019 779 3084 inane
793 3030 902 3082 tamen
916 3019 1040 3084 fateare
1051 3038 1182 3086 necesse
1199 3026 1257 3080 est.

473 3135 645 3214 Multaque
656 3139 825 3214 praeterea
838 3126 899 3190 tibi
912 3148 1045 3212 possum
1060 3127 1362 3192 commemorando

433 3239 635 3323 Argumenta
646 3235 745 3298 fidem
756 3234 852 3297 dictis
863 3237 1043 3298 conradere
1055 3234 1188 3299 nostris:
1269 3283 1272 3290 .

435 3345 558 3407 Verum
568 3341 681 3403 animo
694 3341 769 3404 satis
780 3343 863 3402 haec
875 3341 1013 3426 vestigia
1024 3361 1127 3424 parva
1138 3339 1248 3427 sagaci

434 3445 531 3524 Sunt,
542 3463 601 3525 per
615 3461 699 3522 quae
710 3443 813 3525 possis
825 3461 1021 3528 cognoscere
1031 3452 1137 3506 cetera
1151 3453 1229 3506 tute.

434 3553 585 3630 Namque
598 3567 694 3612 canes
703 3560 739 3611 ut
753 3550 961 3637 montivagae
972 3572 1128 3636 persaepe
1140 3553 1223 3616 ferai·

435 3655 574 3719 Naribus
585 3653 759 3718 inveniunt
771 3655 906 3748 intectas
920 3656 1039 3720 frunde
1052 3657 1191 3741 quietes,

437 3767 545 3846 Quom
557 3762 658 3826 semel
669 3759 856 3824 institerunt
865 3760 1002 3848 vestigia
1015 3773 1105 3827 certa
1118 3763 1201 3829 viai:

436 3863 488 3928 Sic
499 3865 567 3930 alid
577 3885 618 3930 ex
629 3863 695 3930 alio
708 3885 768 3948 per
782 3875 812 3930 te
826 3875 894 3931 tute
907 3865 978 3952 ipse
989 3869 1103 3936 videre
