2940 5114
423 455 483 520 ιφ
627 425 697 521 Ιωε
722 429 911 492 annun
939 381 1150 494 ulru'us
1187 376 1243 488 'a
1265 429 1326 510 tu·

421 576 545 642 Pabula
556 573 702 657 primum
712 582 750 637 ut
758 573 839 654 sint,
852 571 1008 658 genitalia
1018 569 1138 636 deinde
1147 594 1208 656 per
1217 582 1304 638 artus
1330 581 1333 586 '

421 680 567 762 Semina,
581 699 665 760 quae
677 675 803 761 possint
814 677 969 740 memhris
981 697 1117 740 manare
1128 675 1286 740 remissis:
1356 739 1362 754 x

419 790 446 851 F
446 784 620 867 eminaque
632 795 670 849 ut
684 779 831 848 maribus
850 783 1009 870 coniungi
1020 783 1138 867 possit3
1151 787 1276 848 habere

420 893 536 954 Mutua
548 887 640 970 queis
652 895 783 951 nectant
792 885 878 950 inter
887 909 922 951 se
932 889 1057 973 gaudia
1074 899 1224 970 uterque.

460 985 630 1076 Multaque
644 1001 716 1056 tum
729 989 889 1056 interiisse
901 991 1108 1054 animantum
1120 994 1208 1056 secla
1220 1009 1344 1060 necoese

417 1103 419 1108 '
1051 1103 1115 1177 est,

288 1253 302 1282 .
420 1208 487 1272 Nee
498 1201 641 1288 potuisse
652 1177 867 1288 propagando
877 1199 1208 1292 procudereprolem.

420 1315 521 1394 Nam,
532 1328 747 1392 quaeeunque
756 1307 849 1370 videa
859 1305 948 1368 vesci
961 1304 1118 1368 vitalibus
1129 1304 1234 1387 auris,

421 1419 486 1479 Aut
495 1417 605 1495 dolus,
620 1421 678 1475 aut
688 1409 807 1491 viimo,
820 1418 878 1473 aut
886 1407 1030 1489 denique
1042 1407 1227 1493 mobilitas,
1236 1417 1285 1476 est

420 1525 471 1588 Ex
481 1525 617 1588 ineunte
628 1539 725 1601 aevo,
737 1537 840 1605 geum
848 1515 887 1578 id
900 1524 1018 1598 tutata,
1031 1536 1212 1594 reservans.

420 1627 591 1707 Multaque
599 1630 694 1702 sunt,
711 1619 806 1684 nohis
816 1617 1010 1683 exutilitate
1022 1638 1082 1684 sua
1094 1639 1182 1704 queo
1219 1619 1225 1632 '

421 1729 659 1792 commendata
668 1733 821 1806 manent,
840 1724 958 1787 tutelae
972 1724 1092 1790 tradita
1104 1735 1246 1792 nostrae.

393 1818 403 1834 ³
461 1834 644 1920 Principio,
657 1853 761 1921 genus
772 1853 847 1896 aere
860 1833 995 1898 leonum
1007 1837 1268 1918 saevaquesecls

421 1939 539 2007 Tutata
549 1951 595 2005 est
604 1940 722 2022 virtus,
735 1936 861 2022 volpeis
873 1935 981 2020 dolus,
992 1938 1119 2024 utlaga
1131 1959 1257 2004 cervos.

373 2059 381 2072 '
422 2055 464 2115 At
475 2051 656 2115 levisomna
667 2067 788 2112 eanum
803 2043 869 2106 fido
884 2063 960 2108 eum
971 2053 1101 2124 pectore
1115 2047 1234 2126 corda,

421 2157 463 2218 Et
469 2175 573 2241 genus
580 2173 696 2232 omne,
709 2151 799 2242 quod
807 2156 855 2211 est
864 2145 1012 2210 veterino
1021 2147 1146 2211 semine
1154 2160 1306 2234 partum,
1315 2150 1365 2214 86³

421 2264 667 2350 Laniger-aeque
679 2258 779 2332 simul
790 2255 948 2339 pecudes,
963 2263 996 2318 et
1005 2257 1129 2318 bucera
1144 2257 1247 2339 secla,

423 2370 545 2433 Omnia
556 2375 632 2432 sunt
642 2363 816 2452 hominum
831 2363 952 2424 tutelae
967 2360 1101 2456 tradita,
1112 2363 1259 2428 Memmi.

299 2513 301 2516 -
401 2475 506 2538 .Nam
519 2471 638 2555 cupide
653 2469 767 2553 fugere
780 2466 878 2542 feras,
890 2485 1076 2548 pacemque
1091 2477 1221 2532 secutae

421 2577 517 2656 Sunt,
532 2582 564 2636 et
572 2573 665 2657 larga
675 2589 735 2634 suo
746 2568 817 2632 sine
828 2568 951 2658 pabula
964 2579 1059 2651 parta
1073 2571 1207 2637 laborer

418 2680 515 2764 Quae
530 2675 645 2737 damus
657 2666 805 2736 utilitatis
820 2692 936 2734 eorum
949 2673 1095 2753 praemia
1112 2697 1220 2742 causa
1339 2673 1343 2692 '

419 2786 478 2864 At,
494 2780 587 2862 queis
599 2778 647 2842 nil
663 2780 784 2840 horum
798 2775 910 2840 tribuit
922 2779 1061 2861 Natura,
1071 2793 1177 2862 neque
1189 2782 1263 2866 ipsa

419 2889 542 2972 Sponte
555 2905 615 2949 sua
622 2891 755 2967 possent
766 2891 803 2946 ut
818 2881 948 2966 vivere,
963 2904 1025 2946 nec
1038 2885 1227 2954 darenobis

293 2983 302 3002 ’
420 2992 601 3056 Utilitatem
614 2987 778 3070 aliquam,
793 3007 896 3068 quare
908 2998 1098 3071 pateremur
1112 3009 1231 3058 eorum

419 3098 586 3165 Praesidio
601 3105 713 3160 nostro
722 3094 814 3178 pasci
826 3115 948 3180 genus,
961 3116 1095 3177 esseque
1107 3100 1238 3164 tutum?

418 3204 547 3268 Scilicet
559 3206 641 3270 haec
651 3200 724 3268 aliis
734 3202 874 3296 praedae
888 3201 1048 3284 luemque
1064 3203 1215 3280 iacebant

418 3309 615 3391 Indupedita
627 3307 694 3371 suis
705 3306 858 3372 fatalibus
875 3310 988 3373 omnia
1002 3305 1137 3396 uinclis,

417 3405 537 3499 Dones
545 3412 588 3474 ad
599 3407 771 3474 interitum
777 3431 887 3496 genus
896 3411 931 3475 id
944 3416 1066 3498 Natura
1079 3417 1217 3504 redegit.

458 3515 522 3578 Sed
531 3535 639 3596 neque
649 3513 805 3576 Centauri
814 3514 963 3599 fuerunt,
975 3537 1036 3580 nee
1044 3529 1190 3604 tempore
1198 3523 1238 3590 in
1247 3527 1319 3594 ullo

417 3621 494 3682 Fsse
503 3630 642 3701 queunt;
653 3618 785 3704 ‚duplici
798 3631 916 3684 natura
932 3632 964 3685 et
978 3643 1116 3709 corpore
1131 3627 1213 3694 bino

417 3728 466 3788 Ex
477 3725 671 3813 alienigenis
681 3727 841 3792 membris
855 3740 1027 3827 compacta!
1037 3737 1194 3816 potestas,

417 3829 504 3893 Hine
516 3829 611 3924 illine
619 3852 682 3914 par
694 3831 745 3899 ris
755 3841 792 3896 ut
803 3852 872 3926 non
885 3834 931 3897 sie
945 3857 1013 3902 esse
1028 3835 1163 3921 potissit.
