3056 5126
462 467 482 534 t
658 455 728 518 uu
757 449 949 515 nonunt
979 431 1222 512 unrunn'
1268 465 1301 507 v.
1323 445 1373 508 sn

459 592 641 668 Immortali
651 611 733 656 aevo
742 613 872 656 summa
886 607 962 654 cum
977 609 1058 674 poce
1074 589 1223 669 fruatur,
1311 613 1318 640 x

459 703 642 775 semota'ab
654 700 771 763 nostris
784 701 899 781 rebus,
911 698 1124 778 seiunctaque
1134 698 1248 781 longe;

425 777 541 878 suam
557 805 685 889 privata
700 807 814 866 dolore
829 802 941 884 omni,
957 802 1085 884 private
1100 799 1247 884 periclis,

448 897 529 996 ipsa
545 911 611 975 suis
619 895 747 994 pollens
761 908 896 990 opibus,
906 900 997 968 'nihil
1013 905 1129 992 indiga
1141 906 1259 986 nostri,

455 1019 523 1079 Neo
536 1017 621 1078 bene
631 1011 819 1098 promeritis
835 1011 979 1103 capitur,
994 1031 1056 1074 nec
1067 1011 1213 1108 tangitur
1224 1011 1286 1073 ire.

496 1089 738 1186 fiumenaante
753 1121 867 1183 oculos
887 1120 982 1180 foede
1001 1138 1103 1199 quom
1121 1119 1189 1182 vita
1204 1117 1325 1183 iaceret

455 1230 496 1292 In
514 1225 630 1307 terris,
646 1243 802 1308 oppressa
817 1222 912 1308 gravi
928 1223 989 1284 sub
1006 1221 1199 1308 Religione‚

435 1315 437 1322 ’
456 1337 551 1417 Quae
562 1341 660 1415 caput
673 1353 693 1394 a
705 1329 790 1394 coeli
803 1327 994 1414 regionibns
1007 1330 1215 1409 ostendebat,
1279 1347 1282 1358 ·

455 1431 620 1497 Horribili
630 1451 729 1516 super
746 1441 877 1514 aspectu
895 1429 1090 1493 mortalibus
1106 1431 1250 1510 instans3

456 1536 605 1602 Primum
620 1537 738 1601 Graius
752 1537 854 1599 homo
866 1537 1032 1600 mortaleis
1047 1537 1162 1602 tollere
1176 1547 1292 1603 contra

456 1641 513 1704 Est
526 1641 639 1702 oculos
652 1659 765 1719 ausus,
784 1639 975 1722 primusque
990 1639 1144 1704 obsistere
1159 1653 1290 1706 contra:

459 1746 568 1827 Quem
579 1765 689 1825 neque
699 1742 786 1808 fama
798 1744 920 1823 Derim,
932 1765 992 1830 nec
1008 1743 1164 1825 fulmina,
1177 1764 1237 1807 nec
1252 1740 1426 1806 minitanti

458 1846 630 1914 Murmure
646 1849 837 1930 compressit
854 1849 1001 1925 coelum
1023 1849 1137 1911 sedeo
1156 1847 1261 1934 magis
1280 1867 1393 1911 acrem

458 1955 569 2018 Irritit
586 1955 688 2020 aniini
702 1956 874 2037 virtutem,
893 1950 1069 2040 effringere
1081 1963 1118 2016 ut
1131 1964 1203 2016 arta

457 2058 600 2122 Naturae
609 2061 736 2144 primus
749 2069 919 2142 portarurn
930 2061 1071 2122 claustra
1083 2059 1219 2144 cupiret.
1381 2077 1422 2138 72
1505 2137 1506 2154 ἶ

458 2167 546 2249 Ergo
561 2165 673 2228 vivida
688 2167 738 2229 vis
753 2165 856 2228 animi
874 2150 1073 2249 pervicit‚et
1083 2177 1175 2232 extra

459 2266 620 2329 Processit
636 2269 735 2353 longe
753 2270 954 2332 flammantia
970 2271 1102 2336 moenia
1112 2271 1246 2350 mundi3

389 2418 391 2422 .
459 2371 567 2450 Atque
577 2391 675 2434 omne
685 2371 883 2435 immensum
897 2375 1086 2461 peragravit
1101 2389 1210 2439 mente
1223 2377 1424 2460 animoquer

437 2543 438 2546 ,
459 2478 556 2540 Unde
572 2479 672 2540 refert
684 2477 780 2542 nobis
796 2479 917 2561 victor,
930 2482 1012 2560 quid
1028 2481 1131 2564 possit
1144 2482 1247 2566 oriri,
1331 2485 1333 2488 ’

439 2583 441 2588 ’
460 2580 550 2666 Quid
564 2592 721 2663 nequem
740 2579 833 2645 finita
851 2582 1153 2666 potestasdenique
1170 2583 1316 2666 quoique

460 2687 614 2770 Quanam
623 2686 665 2750 sit
675 2685 815 2768 ratione,
826 2698 925 2770 atque
941 2692 1006 2754 alte
1019 2689 1178 2755 terminus
1187 2692 1338 2756 haerens.

459 2787 572 2869 Quare
589 2786 735 2874 Religio,
749 2789 888 2871 pedibus
903 2790 1065 2877 subiecta,
1074 2793 1218 2860 vicissim

460 2889 646 2973 obteritur,
658 2911 718 2957 nos
732 2905 893 2977 exaequet
907 2895 1045 2960 victorie
1059 2901 1162 2963 coelo.

498 2995 587 3057 iliud
598 2979 698 3063 iu'his
713 3003 812 3065 rebus
828 3023 960 3084 vereor,
977 3027 1020 3068 ne
1031 3006 1115 3070 forte
1128 3007 1232 3072 rearis

455 3103 563 3187 Impia
578 3107 757 3172 tonationis
770 3109 855 3174 inire
872 3113 1048 3196 elementa,
1064 3115 1221 3196 viamque

455 3207 637 3295 Indugredi
650 3214 797 3290 sceleris3
818 3218 909 3296 quod
926 3225 1041 3280 contre
1053 3217 1185 3300 saepius
1202 3217 1263 3280 ille

455 3313 590 3398 Religio
601 3315 732 3398 peperit
745 3320 903 3381 scelerosa
921 3329 1020 3399 atque
1033 3317 1136 3401 impia
1155 3320 1252 3385 facta.

456 3413 576 3476 Aulide
590 3435 657 3494 quo
670 3427 766 3499 pacto
777 3420 904 3480 Triviai
917 3421 1057 3506 virginis
1068 3439 1161 3487 eram

412 3517 418 3532 '
456 3519 662 3602 Iphianassai
678 3532 859 3606 turparunt
872 3527 1033 3614 sanguine
1045 3530 1143 3618 tbede
1237 3587 1238 3592 ,

456 3627 617 3688 Ductores
633 3628 786 3692 Danadrn
797 3631 914 3695 delecti
923 3679 933 3714 ‚
942 3633 1056 3716 'primo
1069 3636 1230 3702 uirorum.

457 3732 519 3793 Cui
531 3731 630 3796 simul
642 3723 766 3817 innita,
780 3735 946 3824 virgineos
958 3737 1160 3806 circumdate
1173 3735 1300 3810 conitus
1305 3791 1317 3830 ,

455 3838 506 3899 Ex
521 3853 659 3925 utraque
670 3842 745 3928 pari
760 3845 923 3910 moenum
939 3859 1035 3933 parte
1051 3851 1193 3936 profluo·
1203 3860 1265 3934 est,
