3134 5112
496 357 555 420 aaa
691 355 758 418 ua
786 355 975 445 annun
1002 357 1218 422 narona
1286 309 1318 423 v}
1339 378 1399 438 421.

492 494 631 574 Altaque
644 513 704 556 cur
717 493 913 576 plerumque
927 494 1009 578 petit
1020 496 1110 577 loca3
1123 499 1268 582 plurima
1278 521 1344 583 quo
1355 504 1419 588 plur

492 595 658 658 Montibus
671 593 707 656 in
722 595 859 661 summis
872 596 1009 683 vestigia
1021 598 1186 665 cernimus
1199 602 1309 688 ignis?

530 703 630 786 Quod
642 711 801 786 superest,
815 700 913 768 facile
925 713 1024 774 estex
1034 704 1085 768 hia
1099 725 1295 794 coguospere
1307 714 1413 796 rebtn,

488 809 653 894 mannas
665 809 757 872 Graii
770 831 852 892 quos
861 814 904 876 ab
916 833 953 877 rc
964 813 1221 898 nominitamut,
1328 883 1332 892 ,

488 917 528 980 In
539 932 630 977 mare
640 933 705 994 qua
717 913 808 978 missi
820 914 955 980 veniant
966 916 1093 981 ratione
1104 938 1256 1001 superne.
1289 901 1290 906 ἵ

421 1076 422 1090 ,
487 1021 570 1082 Nam
584 1016 637 1101 fit,
648 1027 686 1081 ut
696 1016 878 1100 interdum,
895 1029 1052 1100 tanquam
1066 1021 1207 1086 demissa
1222 1023 1391 1107 columna,

484 1125 526 1190 In
536 1146 628 1190 mare
640 1127 681 1188 de
695 1126 1014 1205 coelo'deacendant3
1025 1147 1125 1208 quam
1136 1127 1219 1192 freta
1235 1127 1359 1192 mcum

484 1236 511 1300 F
512 1244 694 1317 emcscunt,
709 1233 853 1322 graviter
863 1233 1064 1317 spirantibus
1077 1232 1178 1298 incita
1192 1234 1322 1300 flabris:

427 1427 429 1431 ,
484 1342 538 1424 Et,
554 1334 815 1422 quaecunquein
829 1357 868 1404 eo
885 1350 956 1403 tum
969 1348 1046 1403 aunt
1057 1341 1218 1422 deprensa
1229 1339 1385 1424 tumultu,

483 1439 624 1528 Navigia
635 1440 673 1504 in
682 1457 851 1502 summum
862 1436 999 1503 veniunt
1008 1449 1124 1503 vexata
1137 1438 1311 1523 periclum.

482 1544 556 1612 Hoc
565 1547 618 1630 lit,
630 1546 691 1611 ubi
699 1547 866 1612 interdum
876 1566 946 1610 uon
956 1545 1027 1628 quit
1036 1545 1085 1609 vis
1094 1544 1197 1609 incita
1206 1547 1299 1611 venti

481 1658 666 1740 Rumpere,
680 1677 782 1738 quam
794 1657 897 1741 cepit,
910 1659 1048 1736 nubem;
1058 1660 1115 1722 aed
1125 1658 1296 1742 deprimit,
1311 1657 1391 1726 utcir

481 1763 522 1826 In
538 1778 630 1824 mare
640 1764 680 1826 dc
692 1763 786 1825 coelo
800 1771 958 1844 tanquam
972 1761 1112 1826 demissa
1122 1765 1279 1844 columna

481 1868 669 1946 Paullatim
684 1849 777 1949 qirasi
785 1868 866 1949 quid
876 1887 990 1954 pugno
1006 1867 1198 1948 brachiique
1207 1889 1351 1952 superne

481 1975 637 2040 coniectu
652 1973 1110 2053 trudatur,etextendaturin
1125 1977 1248 2040 undas:
1372 1977 1420 2053 435
1491 2001 1492 2016 ¹

482 2081 590 2165 Quam
602 2098 703 2162 quom
715 2071 859 2159 munit,
870 2077 948 2142 hino
957 2078 1183 2163 prorumpitur
1193 2079 1232 2144 iu
1243 2099 1336 2146 mare
1343 2081 1420 2148 venti

480 2186 554 2270 vis,
568 2196 598 2250 et
613 2187 776 2251 fervorem
792 2183 915 2248 mirum
925 2183 1099 2248 concinnat
1109 2184 1145 2248 iu
1154 2183 1262 2250 undio.

479 2290 715 2355 Vomabundua
726 2281 816 2350 enim
826 2289 923 2350 turbo
937 2285 1122 2369 descendit,
1134 2295 1166 2349 et
1177 2285 1274 2350 illam

422 2383 425 2390 ’
478 2392 619 2458 Deducit
629 2391 752 2474 pariter
761 2392 857 2454 lento
865 2410 939 2452 oum
953 2408 1092 2472 corpore
1104 2391 1242 2453 nubem:

478 2499 588 2580 Quam
602 2495 700 2560 simul
710 2513 749 2558 ac
759 2491 930 2579 gravidam
940 2492 1085 2556 detrudit
1094 2495 1137 2556 ad
1147 2512 1292 2576 aequora
1300 2491 1403 2578 ponti,
1490 2563 1491 2582 ,

477 2602 539 2664 llle
549 2600 587 2662 in
598 2619 722 2680 aquam
730 2598 839 2662 subito
855 2607 961 2663 totum
971 2621 1007 2664 se
1021 2597 1184 2684 immittit,
1201 2609 1233 2664 et
1244 2621 1345 2666 omne
1490 2587 1491 2592 ἵ

475 2695 604 2765 Excitat
612 2693 738 2786 iugeirti
746 2697 854 2763 sonitu
865 2717 969 2782 mare,
984 2701 1111 2766 fervere
1121 2722 1250 2788 cogens.

516 2804 567 2868 Fit
580 2824 729 2884 quoque,
744 2813 780 2864 ut
791 2802 939 2866 involvat
947 2803 1038 2868 venti
1050 2824 1084 2868 sc
1094 2803 1239 2871 nubibus
1250 2803 1321 2891 ipse

412 2915 415 2922 '
476 2911 615 2991 Vortex,
635 2908 817 2972 conradens
830 2927 871 2970 ex
884 2909 960 3006 aare
969 2905 1096 2968 semina
1110 2905 1225 2990 nubis,

475 3019 516 3080 Et
528 3015 622 3098 quasi
634 3015 811 3080 demissum
824 3016 917 3080 coelo
935 3024 1079 3096 prestera
1091 3012 1247 3080 imitetur.

474 3114 555 3200 Hic,
571 3119 631 3182 ubi
646 3139 681 3184 se
690 3117 725 3180 in
736 3117 990 3182 terrasdemiasit
1004 3117 1231 3202 dissolvitque,

474 3219 628 3284 Turbinis
636 3218 817 3282 immanem
828 3217 895 3282 vim
909 3219 1090 3304 provomit,
1104 3229 1203 3303 atque
1215 3226 1382 3306 procellat.

473 3327 641 3412 Sed‚,quia
651 3326 688 3390 fit
701 3347 778 3390 raro
788 3327 941 3409 omnino,
956 3327 1160 3408 monteisque
1174 3349 1304 3416 necesse
1317 3340 1364 3396 est

474 3427 614 3494 Officere
624 3429 661 3492 in
676 3429 784 3512 terris,
796 3437 932 3512 apparet
943 3429 1088 3494 crebrius
1100 3429 1190 3510 idem

471 3537 647 3617 Prospectu
659 3535 759 3600 maris
771 3536 808 3598 in
823 3553 963 3620 magno,
978 3536 1136 3616 coeloque
1146 3536 1283 3618 patenti.

512 3640 632 3706 Nubila
644 3649 871 3726 concrescunt,
882 3639 940 3704 ubi
954 3659 1092 3724 corpora
1105 3643 1210 3706 multa
1218 3645 1379 3726 volando,
1487 3717 1488 3720 Ἴ

350 3766 360 3790 ⁸
470 3749 544 3812 Hoc
554 3748 699 3834 superin
712 3749 797 3815 coeli
807 3745 928 3834 spatio,
942 3745 1049 3814 coiere
1059 3746 1208 3832 repente*
1253 3775 1257 3782 ¹
