3034 5116
400 493 444 567 9⁴
603 474 670 544 nr
699 457 892 542 nrauu
921 473 1144 539 unruur
1198 491 1230 539 ι.
1252 476 1319 541 sn.

749 575 760 600 ι

403 621 466 691 Sed
476 637 538 708 per
551 639 606 684 eos
620 619 769 682 animum
782 626 818 680 ut
830 615 956 680 foribus
965 625 1112 699 spectare
1122 615 1275 698 reclusis,
1355 651 1359 656 ·

402 712 544 792 Difficile
556 709 752 805 est,'ooutra
764 740 865 802 quom
883 738 996 786 sensus
1013 721 1111 784 ducat
1125 742 1256 796 eorum3
1273 783 1277 800 ,

402 825 521 900 Sensus
537 815 627 893 enim
638 809 755 910 trahit',
773 836 873 908 atque
887 826 975 890 acies·
988 827 1133 892 detrudit
1143 831 1187 890 ad
1198 830 1303 912 ipsasr

403 927 541 1024 Fulgida
557 929 748 1017 praesertim
760 949 863 1012 quom
873 952 1006 996 eernere
1018 952 1115 1018 saepe
1132 934 1324 1020 nequimus,

402 1039 545 1112 Rumina
565 1037 746 1107 luminibus
760 1036 840 1119 quia
854 1035 950 1101 nohis
964 1037 1241 1122 praepediuntur3
1389 1105 1390 1113 χ

316 1171 317 1174 “
404 1139 1356 1232 Quodforibusnoniit:1nequeenim,quaeernimusipsi‚

311 1283 313 1286 ·
405 1251 496 1317 Ostia
511 1250 690 1334 suscipiunt
706 1250 812 1311 ullum
824 1250 951 1312 reclusa
967 1231 1127 1312 laliorem.

357 1366 359 1370 ’
383 1430 385 1434 ⁴
403 1359 590 1439 Praeterea,
603 1358 631 1420 si
644 1373 706 1439 pro
718 1354 1065 1418 foribussuntlumina
1076 1365 1205 1438 nostra,

403 1445 474 1530 iam
490 1464 612 1550 magis,
628 1462 763 1526 exemtis
769 1460 897 1544 oeulis,
915 1463 1035 1526 debere
1054 1461 1186 1526 videtur

386 1573 548 1651 Cernere
560 1587 611 1631 res
625 1569 769 1650 animus,
781 1566 915 1631 sublatis
926 1566 1102 1650 postibus'
1091 1569 1182 1652 rpsis.
1230 1601 1232 1607 ·

445 1672 561 1738 Illud
551 1695 587 1736 ιιι
599 1671 652 1736 his
668 1671 765 1736 rebus
775 1690 984 1752 nequaquam
1001 1689 1130 1734 sumere
1142 1669 1263 1754 possis,

404 1777 587 1847 Democriti
602 1779 693 1860 quod
704 1788 817 1862 sancta
828 1775 892 1838 viri
904 1775 1065 1840 sententia
1080 1776 1191 1860 ponit,

350 1929 355 1958 ,
406 1884 562 1970 Corporis
574 1893 672 1966 atque
686 1869 791 1947 animi
806 1880 990 1966 primordia
1003 1882 1150 1970 singula,
1168 1879 1274 1966 privis

297 2040 301 2046 .
390 1991 579 2078 ⁴uidposita,
590 1992 725 2057 alternis
735 1991 883 2080 rariare,
897 2011 936 2055 ac
949 2003 1094 2074 nectere,
1111 1992 1274 2054 membra.

405 2099 489 2166 Nam
498 2117 600 2180 quom
609 2102 798 2163 multosunt
806 2093 927 2161 animai
940 2100 1102 2162 elementa
1111 2095 1244 2160 minora
1249 2141 1263 2180 ,

406 2207 516 2289 Quam
527 2203 647 2288 qmbus
655 2212 688 2264 et
698 2221 816 2288 eorpus
825 2201 920 2264 nobis
933 2211 965 2264 et
979 2199 1105 2265 viseera
1119 2208 1272 2264 constant
1278 2203 1361 2284 ,³76

405 2315 493 2378 Tum
504 2329 642 2374 numero
653 2320 785 2391 quoque
794 2311 991 2392 concedunt
1010 2319 1042 2373 et
1053 2330 1128 2372 rara
1136 2318 1295 2393 perartus

407 2417 527 2486 Dissita
539 2428 627 2499 sunt,
640 2403 808 2480 dumtaxat
818 2429 854 2480 ut
867 2419 932 2480 hoc
945 2417 1138 2502 promittere
1154 2399 1274 2504 possis,

408 2523 575 2611 Quantula
584 2524 692 2610 prima
705 2535 841 2604 queant,
857 2522 976 2593 nobis'
966 2523 1099 2607 rnieeta,
1119 2522 1205 2588 ciere

408 2637 555 2718 Corpora
566 2629 738 2694 sensiferos
751 2640 858 2693 motus
872 2629 908 2692 in
924 2650 1079 2714 corpore,
1097 2640 1186 2696 tanta

407 2737 584 2802 Intervalla
600 2745 711 2798 tenere
723 2736 858 2799 exordia
872 2736 980 2818 prima
996 2737 1129 2802 animai·

334 2889 339 2898 .
407 2844 490 2906 Nam
507 2861 614 2922 neque
628 2833 775 2924 pulveris
787 2821 952 2906 interdum
967 2842 1125 2908 sentimus
1136 2845 1319 2910 adhaesum

408 2947 569 3028 Corpore,
584 2965 646 3009 nec
655 2944 812 3010 membris
824 2945 987 3009 incussam
1005 2948 1113 3011 sidere
1126 2956 1265 3029 cretam,

287 3125 291 3130 ¹
406 3044 474 3114 Nee
484 3051 640 3136 nebuiam
655 3061 771 3134 noctu,
786 3072 894 3134 neque
905 3052 1018 3116 aranei
1030 3052 1141 3117 tenuia
1152 3053 1210 3117 fila

408 3157 528 3238 Obvia,
547 3155 722 3241 sentimus,
738 3160 872 3240 quando
886 3160 1068 3224 obretimur
1081 3165 1213 3241 euntes;

366 3266 369 3270 ’
407 3270 475 3328 Nee
489 3284 607 3350 supera
626 3276 723 3349 oaput
741 3261 895 3329 eiusdem.
909 3266 1062 3332 cecidisse
1075 3269 1199 3332 vietam

391 3371 553 3450 Vestem,
570 3389 632 3431 nee
647 3370 777 3452 plumas
791 3369 918 3451 arium,
937 3391 1129 3455 papposque
1141 3361 1320 3457 volanteis,

408 3474 475 3560 Qui
490 3471 594 3537 nimia
610 3474 742 3537 levitate
759 3477 880 3538 eadunt
890 3477 1087 3558 plerumque
1098 3465 1279 3564 gravatim:

407 3580 474 3642 Nec
488 3577 629 3660 repentis
644 3577 727 3640 itum
746 3577 1046 3660 quoiusviscunque
1065 3578 1240 3644 animantis
1285 3601 1290 3622 ¹

406 3682 590 3761 Seutimus3,
604 3703 664 3745 nec
678 3682 774 3765 priva
789 3684 912 3765 pedum
928 3681 1065 3770 vestigia
1082 3704 1248 3767 quaeque,

406 3789 553 3869 Corpore
563 3805 648 3866 quae
657 3807 692 3848 ru
703 3797 813 3849 nostro
824 3785 960 3868 culices
973 3797 1003 3849 et
1015 3797 1121 3850 cetera
1129 3773 1290 3870 ,ponunt

406 3885 517 3974 Usqu'e
528 3893 612 3956 adeo
623 3891 715 3977 prius
724 3903 772 3958 est
784 3891 821 3956 in
834 3891 930 3958 uobis
944 3895 1049 3957 multa
1065 3893 1232 3979 ciendum,

811 4042 822 4072 1
