3134 5112
1394 157 1408 192 ὁ

517 463 575 526 242
721 405 1260 507 nuauuuuu'uuuul
1320 462 1446 526 Μαι

556 585 740 672 Principio,
753 586 908 652 omnibus
918 604 939 646 a
956 566 1072 667 rebus,
1085 563 1299 666 quascumque
1313 583 1487 670 videmus,

514 698 677 778 Perpetuo
688 695 805 776 fluere,
819 713 858 754 ac
868 690 955 754 mitti
965 691 1159 779 spargique,
1175 700 1306 751 necesse
1319 698 1379 753 est

515 793 679 883 Corpora,
694 819 779 880 quae
793 795 914 860 feriant
924 797 1054 878 oculos,
1066 795 1242 877 visumque
1252 796 1433 861 lacessant:

391 983 401 1004 ·
474 883 478 898 .
513 909 745 986 Perpetuoque
756 903 864 996 fluunt
873 900 971 965 certis
981 901 1023 964 ab
1038 902 1137 962 rebus
1147 901 1284 981 odom,

513 1005 631 1094 Frigus
642 1016 680 1072 ut
692 1026 713 1069 a
723 1005 851 1089 fluviis,
865 1009 956 1070 calor
968 1025 987 1068 a
1001 1007 1084 1086 sole,
1106 1013 1213 1067 aestus
1224 1005 1268 1066 ab
1281 1003 1386 1070 undis

513 1113 693 1195 Aequoris,
706 1133 822 1176 exesor
832 1133 1024 1176 moerorum
1035 1109 1134 1174 litora
1145 1119 1298 1193 propter:
1345 1185 1352 1196 ,

513 1218 581 1280 Nec
591 1215 676 1280 varii
687 1224 813 1280 cessant
826 1214 952 1280 sonitus
966 1235 1102 1278 manare
1112 1237 1174 1298 per
1189 1236 1296 1279 auras.
1561 1229 1562 1270 l

513 1321 732 1404 Denique,in
742 1341 779 1384 os
787 1320 865 1385 salsi
875 1320 968 1383 venit
978 1323 1100 1384 humor
1109 1341 1207 1404 saepe
1217 1321 1363 1406 saporis,

513 1429 626 1511 Quom
640 1445 732 1488 mare
741 1443 915 1489 vorsamur
923 1437 1074 1509 propter3
1085 1425 1257 1508 dilutaque
1269 1441 1390 1493 contra

514 1533 626 1615 Quom
637 1531 763 1594 tuimur
771 1529 903 1594 misceri
913 1529 1092 1611 absinthia,
1104 1521 1209 1616 tangit
1220 1550 1366 1594 amaror.

513 1639 626 1717 Usque
637 1639 721 1698 adeo
734 1632 889 1698 omnibus
901 1639 943 1698 ab
954 1637 1052 1698 rebus
1066 1656 1118 1698 res
1131 1653 1284 1716 quaeque
1293 1637 1441 1702 fluenter

513 1743 879 1825 Fertur,etincunctas
890 1743 1066 1808 dimittitur
1076 1735 1227 1824 undique
1238 1744 1382 1826 parteis:

513 1853 581 1916 Nec
591 1871 700 1934 mora,
711 1872 772 1914 nec
781 1850 929 1934 requies,
941 1851 1028 1914 inter
1044 1852 1141 1914 datur
1153 1851 1223 1912 ulla
1234 1851 1383 1932 fluundi3

418 1996 420 2001 ·
514 1964 677 2044 Perpetuo
691 1962 851 2044 quopiam
862 1959 1037 2042 sentimus,
1049 1970 1081 2022 et
1094 1958 1208 2022 omnia
1221 1979 1357 2042 semper

515 2066 831 2150 Cernere‚0dorari,
845 2064 1252 2149 licet‚etsentiresonare.
1422 2073 1482 2152 936
1562 2061 1563 2128 ἶ

554 2175 650 2237 Nunc
660 2175 775 2256 cinnes
787 2183 935 2258 repetam
947 2193 1048 2254 quam
1059 2192 1134 2236 raro
1147 2191 1287 2256 corpore
1296 2173 1365 2238 sint
1379 2195 1435 2240 res

513 2281 803 2364 Commemorate,
814 2281 905 2362 quod
917 2277 953 2341 in
962 2277 1073 2361 primo
1083 2295 1217 2358 quoque
1229 2278 1381 2342 carmine

854 2393 855 2397 ’
1152 2384 1278 2448 claret.
1562 2447 1563 2462 2

512 2491 647 2578 Quippe
658 2490 798 2575 etenim,
810 2510 1001 2573 quanquam
1012 2491 1134 2555 multas
1142 2493 1207 2554 hoc
1215 2489 1364 2575 pertinet
1376 2495 1421 2556 ad
1429 2511 1483 2562 res

511 2599 667 2679 Noscere,
680 2595 885 2679 cumprimis
899 2599 986 2660 hanc
1000 2579 1124 2659 adrem
1137 2597 1289 2682 protinus
1302 2598 1434 2684 ipsam,

401 2762 410 2781 ,
512 2707 588 2789 Qua
603 2706 644 2768 de
661 2695 820 2766 disserere
833 2702 1025 2790 aggredior,
1039 2704 1172 2768 firmare
1189 2726 1321 2769 necesse
1331 2715 1399 2789 est,

511 2805 569 2869 Nil
577 2827 647 2871 esse
660 2804 697 2870 in
708 2814 843 2890 promtu
852 2827 865 2888 ,·
877 2804 942 2868 nisi
955 2827 1074 2890 corpus
1086 2807 1229 2870 mixtum
1240 2807 1277 2870 in
1292 2807 1400 2873 inani.

552 2916 738 3001 Principio,
750 2915 803 3000 fit,
812 2927 851 2980 ut
865 2917 902 2982 in
913 2916 1080 3000 speluncis
1090 2937 1169 2980 saxa
1181 2939 1330 3001 superna

434 3047 439 3056 ‘
512 3029 638 3091 Sudent
652 3030 811 3109 humore,
822 3037 855 3090 et
864 3024 965 3114 guttis
980 3025 1185 3088 manantibu'
1194 3025 1337 3092 stillent:

511 3133 626 3192 Manat
636 3117 718 3192 item
729 3127 827 3192 nobis
841 3149 860 3192 e
875 3137 942 3192 tolo
953 3148 1094 3212 corpore
1103 3132 1224 3207 sudor;
1241 3131 1243 3136 '
1505 3199 1511 3208 ¹

513 3232 638 3295 Crescit
647 3227 903 3313 harba,pilique
911 3253 972 3314 per
981 3233 1095 3296 omnia
1104 3235 1267 3314 membra,
1281 3252 1343 3316 per
1351 3239 1458 3297 artus:

510 3335 644 3400 Diditus
653 3336 690 3398 in
705 3353 807 3399 venas
819 3334 912 3399 cibus
923 3335 1068 3426 omneis,
1079 3344 1196 3426 auget,
1210 3336 1356 3418 alitque,
1438 3365 1441 3374 ·

402 3439 407 3446 ’
511 3440 670 3522 Corporis
678 3429 840 3502 extremas
855 3457 989 3520 quoque
999 3439 1120 3523 parteis
1131 3439 1409 3527 unguiculosque.

511 3546 627 3633 Frigus
638 3546 719 3610 ilem
731 3544 870 3609 transire
885 3565 1030 3630 peram,
1046 3547 1257 3628 calidumque
1268 3567 1451 3631 uaporem⁷

510 3650 690 3715 sentimus:
706 3650 864 3716 sentimus
874 3646 953 3714 item
968 3651 1105 3716 transire
1119 3673 1180 3736 per
1196 3670 1334 3734 aurum,

510 3761 617 3839 Atque
627 3781 688 3843 per
697 3769 889 3848 argentum,
903 3781 1003 3842 quom
1016 3762 1137 3845 pocula
1149 3762 1250 3844 plena
1261 3769 1428 3824 tenemus.

509 3863 680 3949 Denique,
694 3887 755 3949 per
767 3854 930 3951 dissaepta
941 3869 1119 3942 domorum
1129 3887 1228 3932 saxea
1237 3885 1337 3934 voces
