2940 5114
349 489 866 606 ulnnn1v;v‚.1on.‘
950 538 951 542 “
1023 509 1080 572 rsa
1194 551 1197 556 -

121 652 292 719 Continuo
303 654 424 738 parteis
433 655 606 746 genitaleis
621 639 766 738 eorporii
780 646 886 739 ipsust

118 756 254 820 Irritata
273 767 400 820 tument
412 759 486 822 loca
498 757 640 840 semine,
652 756 756 839 fitque
765 759 921 822 voluntas

118 862 238 926 Eieere
250 863 297 946 id,
314 883 381 946 quo
394 885 429 928 se
442 863 610 940 contendit
623 864 696 952 dira
713 863 836 941 libido;

116 969 229 1051 quue
240 968 321 1053 petit
336 987 455 1052 corpus
468 989 577 1052 mens,
592 971 683 1033 unde
694 977 742 1032 est
751 966 863 1032 saucia
875 985 998 1030 amore.

117 1075 273 1157 Namque
282 1096 396 1144 ornnes
407 1079 605 1160 plerumque
617 1079 740 1141 cadunt
748 1075 784 1140 in
794 1077 930 1154 volnus3
942 1085 975 1138 et
984 1073 1079 1140 illam

117 1177 251 1242 Emicat
268 1176 304 1241 in
317 1189 444 1262 partem
458 1181 608 1270 sangnis,
621 1184 712 1244 unde
723 1179 935 1245 icimurictut
964 1205 972 1222 ·
1003 1173 1007 1184 '

118 1285 181 1368 Et,
193 1284 222 1348 si
236 1287 422 1352 comminus
435 1299 499 1374 est,
515 1292 644 1352 hostem
659 1291 760 1354 ruber
774 1295 914 1371 occupat
926 1289 1059 1352 humor.
1087 1318 1088 1328 κ

140 1391 220 1457 “stc
233 1394 353 1481 igitur,
374 1385 515 1460 Veneris¹
528 1397 586 1479 qui
605 1395 676 1460 telis
691 1395 926 1480 arripuimus,

118 1495 202 1564 Sive
218 1520 303 1583 puer
314 1501 470 1566 membris
483 1501 701 1565 muliebribus
714 1504 805 1564 hune
816 1499 996 1583 iaculatur,

118 1601 190 1665 Seu
201 1602 337 1699 mulier,
355 1613 423 1666 toto
437 1603 561 1667 iactans
575 1626 594 1667 e
610 1623 748 1689 corpore
765 1621 928 1680 amorem

118 1699 222 1762 Unde
232 1699 366 1783 feritur,
378 1721 418 1764 eo
432 1703 549 1783 tendit,
564 1701 724 1790 gestitque
737 1701 844 1786 coire,

115 1805 164 1886 Et
175 1791 283 1868 iacere
292 1789 467 1872 humokm
478 1808 516 1872 in
528 1829 647 1892 corpus
655 1811 696 1884 de
710 1827 850 1892 corpore
860 1811 1015 1873 ducturus

119 1913 276 1992 Namque
291 1915 493 1998 voluptatem
508 1916 671 2005 praesagit
687 1919 792 1997 multa
805 1914 937 2000 cupido.

120 2019 929 2103 HaecVenusestnobis3hincductunrestnomen
938 2021 1085 2087 Amoris:
1134 2019 1139 2028 ’

121 2116 214 2186 Hinc
233 2118 293 2182 illa
307 2131 338 2183 et
349 2119 495 2202 primurn
506 2122 644 2188 Veneris
653 2123 838 2188 dulcedinis
847 2124 884 2188 in
895 2144 952 2188 cor

122 2220 268 2284 stillavit
278 2233 387 2308 gutta,
402 2232 434 2287 et
447 2223 600 2290 successit
615 2225 745 2296 fervida
761 2247 850 2293 cura·
1006 2227 1084 2292 1056

121 2328 223 2410 Nam,
236 2325 265 2392 si
271 2332 377 2414 abest,
388 2333 479 2412 quod
489 2353 579 2396 ames
584 2379 594 2417 ‚
608 2343 738 2418 praesto
747 2332 924 2398 simulacra
932 2343 1045 2398 tamen

651 2452 730 2504 sunt

14 2619 16 2628 ‚
123 2541 236 2625 Illius,
249 2551 283 2606 et
295 2563 418 2606 nornen
435 2545 533 2608 dulce
547 2547 745 2610 obvorsatur
758 2549 802 2610 ad
811 2547 937 2612 aureis·v

165 2651 232 2714 Sed
239 2649 382 2737 fugitare
392 2651 487 2714 decet
499 2651 690 2733 simulacra,
705 2661 738 2714 et
747 2654 872 2736 pabula
882 2653 1006 2722 amoris

125 2757 317 2824 Absterrere
327 2759 407 2842 sibi,
418 2772 517 2842 atque
530 2761 596 2825 alio
610 2770 804 2826 convortere
820 2767 982 2844 mentem,

126 2864 167 2926 Et
174 2865 281 2927 iacere
288 2865 463 2928 humorem
473 2868 657 2928 conlectum
668 2866 705 2928 in
716 2885 855 2948 corpora
869 2885 1035 2946 quaeque3

126 2970 194 3032 Nec
205 2968 476 3060 retinereqsernel
494 2985 692 3030 conversum
705 2967 804 3030 unius
815 2973 946 3050 amore,

127 3055 166 3136 Et
178 3092 310 3140 servare
322 3073 386 3138 sibi
401 3091 531 3156 curam,
548 3082 740 3152 certumque
754 3073 916 3136 dolorem.

128 3180 229 3245 Ulcus
242 3180 332 3244 enim
344 3177 480 3244 vivescit
491 3187 524 3242 et
538 3177 747 3242 inveterascit
757 3180 899 3261 alundo,

127 3290 235 3371 Inque
252 3291 323 3354 dies
339 3287 449 3378 gliscit
457 3289 569 3371 furor,
583 3297 683 3370 atque
697 3303 857 3350 aerumna
869 3281 1046 3373 gravescit,

113 3400 164 3467 *si
173 3421 244 3466 non
254 3399 363 3484 p'rima
375 3399 470 3463 novis
484 3397 658 3462 'conturbes
670 3398 807 3460 volnera
818 3395 940 3482 plagis,
968 3483 971 3488 Ι
1005 3395 1007 3402 ’

128 3505 379 3594 volgivagaque
388 3522 492 3594 vagus
502 3507 631 3570 Venere
641 3511 718 3566 ante
729 3501 873 3565 recentia
886 3517 995 3582 cures,

129 3615 272 3678 Antelio
288 3615 392 3700 possis
404 3607 507 3702 animi
521 3605 692 3675 traducere
708 3618 827 3672 motus.
855 3625 860 3641 ⁴

171 3723 240 3786 Nec
247 3721 385 3787 Veneris
401 3720 510 3784 fructu
522 3723 609 3784 earet
620 3717 663 3800 is,
679 3717 738 3800 qui
749 3717 1006 3790 vitatamorern3

132 3829 197 3892 Sed
207 3827 332 3912 potius,
344 3833 517 3910 quaesunt
530 3827 601 3890 sine
615 3843 739 3910 poena,
750 3823 924 3916 commoda
936 3817 1045 3884 sumit.

129 3933 219 4004 Nam
231 3941 317 3997 certe
330 3950 416 4016 pura
427 3941 476 4002 est
486 3933 574 4000 sanis
586 3931 693 4019 magis
705 3929 783 3996 inde
796 3925 966 4013 voluptas,
