3034 5116
320 311 822 396 '‘nrnnn'rrrparq.
953 277 956 283 ’
1014 336 1053 402 ,7

94 467 270 550 Naturam,
289 487 348 531 ceu
365 468 474 530 fumus
485 467 521 530 in
531 468 615 536 'altas
629 468 712 532 aeris
727 489 843 534 auras:

95 572 376 656 Quandoquidem
389 570 630 674 gignipariter,
647 572 834 654 pariterque
849 573 1001 639 videmus

94 679 266 759 Crescere,
279 671 326 760 et,
342 687 379 740 ut
389 678 504 760 docui,
518 678 618 742 simul
632 698 714 741 aevo
730 679 811 742 fessa
825 679 941 746 fatisci.

134 784 211 844 Hue
227 781 366 864 accedit,
382 781 432 844 uti
444 781 630 863 uideamus,
645 801 763 865 eorpus
774 795 811 846 ut
824 784 933 866 ipsum
1043 857 1054 870 η

92 886 268 970 Suscipere
279 885 455 950 immaneis
473 889 626 966 morbos,
644 889 832 968 durumque
845 891 1015 970 laboremp

93 988 149 1054 sic
160 989 310 1052 animum
321 1009 415 1053 curas
427 989 545 1070 aereis,
564 991 774 1069 luctumque,
791 999 995 1073 metumque.

92 1098 208 1180 Quare
220 1094 415 1178 participem
427 1093 484 1155 leti
498 1111 630 1174 quoque
645 1093 800 1158 convenit
817 1114 895 1160 esse.

136 1197 229 1283 Quin
246 1197 345 1260 etiam
361 1196 486 1262 morbis
502 1197 539 1259 in
556 1198 703 1280 corporis
721 1200 815 1262 avius
834 1209 924 1263 errat
1008 1251 1012 1262 .

91 1302 200 1384 Saepe
211 1301 357 1381 animus3
374 1303 533 1368 dementit
546 1302 645 1386 enim,
652 1303 825 1385 deliraque
834 1307 944 1386 ¹latur:

91 1405 334 1486 Interdumque
345 1405 441 1491 gravi
456 1409 606 1493 lethargo
618 1407 722 1470 lentur
735 1407 772 1472 in
790 1410 896 1472 altum
1031 1395 1034 1400 ¹

90 1497 343 1590 Aeternumque
351 1529 520 1593 soporem,
535 1511 637 1574 oculis
645 1555 656 1594 ,
676 1520 824 1592 nutuque
838 1513 1001 1598 cadentis

91 1615 191 1676 Unde
204 1635 312 1695 neque
326 1615 459 1677 exaudit
473 1633 586 1696 voces,
605 1636 712 1696 neque
727 1635 860 1680 noscere
875 1619 983 1681 voltus

89 1719 235 1779 lllornm
246 1716 332 1800 potis
341 1728 388 1780 est
395 1764 406 1800 ,
420 1719 463 1780 ad
480 1718 579 1780 vitam
593 1718 651 1799 qui
664 1730 855 1782 revocantes
954 1801 959 1812 ι

90 1820 334 1904 Circumstant,
349 1822 506 1900 lacrumis
522 1833 670 1886 rorantes
680 1841 738 1902 oxa
748 1842 925 1908 genasque.
996 1839 1056 1905 470

91 1927 206 2009 Quare
217 1922 368 1986 animum
382 1943 515 2004 qunque
530 1922 665 2008 dissolri
680 1924 803 1987 fateare
814 1944 944 1989 necesse
953 1935 1018 2006 est,

91 2029 375 2116 Quandoquidem
388 2038 561 2112 penetrant
573 2028 614 2096 in
625 2047 701 2092 eum
714 2028 866 2114 contagia
883 2028 1003 2098 morbi.

93 2143 178 2201 Nam
194 2135 292 2200 dolor
300 2157 340 2200 ac
352 2138 504 2217 morbus,
518 2135 577 2198 leti
593 2135 771 2198 fabricator
783 2145 921 2214 uterque
934 2146 997 2215 est,

92 2249 278 2312 Multorum
290 2246 393 2308 exitio
405 2244 554 2328 perdocti
569 2245 659 2324 quod
670 2263 782 2306 sumus
796 2257 882 2308 ante.

133 2352 300 2433 Denique,
315 2349 556 2434 corlhominum
567 2367 669 2430 quom
684 2347 755 2410 vini
767 2348 817 2412 vis
831 2349 1017 2438 penetravit

92 2453 204 2537 Acris,
222 2463 254 2516 ct
269 2453 305 2516 in
316 2473 415 2516 venas
430 2451 576 2516 discessit
592 2451 714 2514 diditus
727 2455 848 2538 ardor,

94 2558 467 2645 Coruequiturgravitas
480 2559 721 2640 membrorum,
736 2560 997 2641 praepediuntur

91 2668 199 2728 Crura
211 2664 396 2747 vacillanti,
412 2664 564 2728 tardescit
573 2664 703 2751 lingua,
722 2667 832 2728 madet
844 2687 953 2748 mens,

92 2776 184 2836 Nant
195 2771 297 2850 oculi,
313 2772 453 2851 clamor,
473 2770 649 2855 singultus,
663 2769 773 2854 iurgia
783 2769 942 2856 gliscunt;

12 2933 22 2956 ,
95 2875 218 2938 Etiam
229 2885 336 2939 cetera
350 2875 392 2934 de
404 2891 524 2956 genere
534 2873 618 2948 hoc,
629 2879 1050 2952 quaecunquesequuntur:

96 2983 170 3064 Cur
183 2999 220 3044 ea
234 2988 327 3062 sunt,
340 2975 405 3038 nisi
415 2973 506 3054 quod
517 2973 695 3034 vehemens
709 2969 866 3034 violentia
881 2974 953 3036 vini

73 3079 78 3087 ’
93 3090 302 3154 conturbare
314 3082 461 3147 animam
472 3078 643 3144 consuevit
659 3097 797 3160 corpore
810 3075 954 3160 inipso?
1036 3151 1038 3158 y

89 3202 152 3279 At,
166 3199 523 3277 quaecunquequeunt
537 3177 745 3269 conturbari,
759 3187 862 3268 inque
873 3187 1003 3272 pediti,

88 3299 308 3390 Significant,
327 3298 442 3384 paullo
457 3292 614 3359 sidurior
623 3293 801 3358 insinuarit

88 3413 221 3490 Causa,
233 3407 306 3470 iore
317 3414 353 3468 ut
364 3413 515 3487 pereant,
532 3422 615 3465 aevo
632 3401 760 3484 privata
778 3401 902 3464 futuro.

134 3510 357 3600 Quinetiam,
371 3508 496 3588 subito,
509 3505 543 3568 vi
553 3503 662 3568 morbi
673 3523 770 3586 saepe
784 3515 932 3583 coactus,

87 3623 183 3684 Ante
195 3618 310 3682 oculos
319 3614 442 3696 aliquis
455 3609 815 3700 nostros,'utfulminis
831 3609 915 3690 ictu,
1032 3633 1035 3640 ’

89 3722 265 3804 Concidit,
273 3731 313 3786 et
324 3703 457 3810 spumas
467 3719 552 3808 agiu
562 3716 717 3806 ingemit,
734 3727 765 3782 et
777 3715 1002 3794 tremitartus3

194 3828 325 3883 musta.
767 3839 785 3891 7
805 3863 810 3873 .
