3034 5116
296 502 308 523 .
387 426 930 548 L1n'nn111.v.s29‚'·
1064 471 1104 552 9³

140 599 242 674 Haud
248 597 346 664 facile
355 606 419 684 est,
433 601 515 683 quin
526 601 668 668 intereat
681 611 799 668 natura
809 623 943 687 quoque
953 603 1034 670 eius.
1094 642 1101 655 ·

78 749 81 784 s
138 708 192 771 Sic
204 707 311 774 animi
319 720 417 790 atque
427 709 559 774 animae
573 721 727 778 naturam
742 731 883 797 corpore
896 721 965 776 toto

137 817 319 894 Extrchere
335 818 427 882 haud
440 817 537 883 facile
555 827 622 900 est,
639 817 721 900 quin
735 819 851 884 omnia
862 803 1102 906 dissplvanlure'

136 921 295 1006 Implexis
304 922 351 986 ita
366 923 539 1007 principiis
557 927 601 988 cb
619 924 748 1012 origine
759 926 868 1010 prima
1106 953 1112 960 ·

137 1029 230 1092 Inter
244 1049 280 1092 se
294 1029 380 1094 fiunt
396 1031 539 1096 consorti
555 1031 806 1114 praeditavita:

135 1137 205 1200 Nee
221 1123 285 1200 sibi
302 1156 470 1220 quaeque,
482 1136 553 1201 sine
570 1136 704 1200 alterius
718 1135 768 1217 vi,
785 1154 881 1219 posse
896 1138 1029 1204 ridetur

137 1239 295 1320 Corporis
312 1248 410 1324 etque
422 1237 545 1320 animi,
562 1254 709 1330 seorsum
723 1237 844 1300 sentire
857 1249 1016 1326 potestus:

71 1381 75 1392 =
135 1347 200 1408 Sed
218 1344 449 1409 communibus
461 1344 548 1408 inter
560 1363 616 1424 eos
628 1342 789 1405 conflatur
801 1342 960 1423 utrinque

134 1445 298 1528 Motibus,
313 1466 466 1510 accensus
478 1445 575 1510 nohis
588 1465 648 1527 per
663 1444 786 1510 viscera
796 1491 809 1525 ,
818 1466 942 1511 sensus.
1041 1513 1046 1522 ,

176 1554 367 1634 Praeterea,
379 1570 502 1636 ,corpus
514 1571 575 1634 per
590 1570 625 1612 se
637 1569 699 1612 nec
711 1547 860 1636 gignitur
875 1573 1037 1638 unquam,

133 1659 204 1719 Nee
223 1655 358 1737 crescit,
372 1675 480 1734 noque
493 1661 717 1738 postmortem
732 1652 852 1717 durare
865 1652 1005 1718 videtur.
1043 1657 1045 1662 '
1108 1639 1118 1666 '

132 1766 211 1825 Non
224 1760 328 1845 enim,
346 1770 384 1822 ut
393 1763 514 1824 humor
531 1779 651 1842 aquae,
663 1757 1083 1844 dnnittitsaeperaporem,

133 1867 204 1954 Qui
215 1869 312 1940 datus
321 1874 387 1953 est,
400 1887 508 1950 neque
518 1887 556 1932 eu
567 1885 664 1929 causa
675 1864 875 1928 convellitur
883 1863 973 1947 ipse,

134 1975 200 2036 Sed
212 1981 327 2050 manet
336 1970 528 2035 incolumis:
547 1951 863 2051 non,'inquam,sic
874 1967 997 2030 animal

136 2079 322 2167 Discidium
339 2086 477 2163 possunt
493 2087 581 2143 artus
594 2077 740 2160 perferre
755 2072 875 2153 relicti3
1036 2076 1096 2148 343

136 2191 199 2258 Sed
210 2189 343 2272 penitus
354 2196 494 2272 pereunt
510 2185 675 2267 convulsi,
689 2202 817 2264 conque
832 2189 1034 2265 putrescunt.
1148 2209 1157 2229 a

134 2297 184 2356 Ex
199 2291 337 2375 ineunte
353 2311 436 2353 aevo
454 2289 502 2354 sic
515 2287 662 2372 corporis
673 2295 772 2368 atquc
785 2285 909 2351 animai

126 2401 255 2473 Mutua
265 2393 394 2458 vildeis
405 2391 534 2458 discunt
552 2390 703 2478 contagia
720 2398 839 2473 motus,
916 2451 920 2460 ,

132 2500 296 2567 Maternis
311 2499 411 2564 etiam
425 2494 582 2561 membris
590 2543 600 2578 ,
615 2498 757 2578 alvoque
768 2502 915 2578 repost03

132 2606 322 2672 Discidium
337 2615 374 2668 ut
389 2614 530 2688 nequeat
540 2601 614 2668 fieri
630 2602 701 2668 sine
716 2611 808 2689 peste
819 2602 990 2683 maloque:

133 2717 179 2776 Ut
194 2713 326 2795 videns,
340 2711 497 2792 quoniam
516 2710 691 2774 coniuncta
708 2719 757 2774 est
774 2729 870 2773 causa
888 2709 1017 2792 salutis,

135 2818 356 2884 coniunctam
372 2836 505 2897 qnoque
522 2825 674 2879 naturam
691 2815 866 2880 consistere
878 2834 1004 2876 eorum.

178 2930 278 3013 Quod
290 2935 454 3011 superest,
472 2924 502 2986 si
516 2922 588 3004 quis
603 2942 722 3005 corpus
734 2922 854 2986 sentire
867 2922 1003 3002 refutat,

134 3039 244 3116 Atque
255 3030 403 3096 animam
420 3025 538 3107 eredit,
551 3027 748 3109 permixtam
765 3042 903 3107 corpore
918 3033 985 3086 toto
994 3067 1005 3104 ,

130 3136 309 3220 Suscipere
319 3136 410 3200 hunc
423 3142 568 3214 motum,
587 3145 830 3212 quemsensum
841 3125 1093 3214 nominitame

130 3247 198 3312 Vel
221 3242 476 3307 manifestantes
496 3249 609 3305 contra
622 3236 781 3318 verasque
796 3243 968 3327 repugnat.
1052 3234 1054 3240 ’

129 3352 229 3440 Quid
241 3351 285 3416 sit
301 3351 390 3414 enim
406 3369 524 3432 corpus
537 3347 657 3411 sentire
668 3345 741 3426 quis
754 3339 868 3407 afferet
881 3333 1047 3424 unquam,
1136 3337 1138 3347 '

128 3461 166 3524 Si
177 3479 252 3525 non
263 3457 334 3542 ipsa
343 3458 456 3541 palam
466 3458 556 3537 quod
566 3473 617 3518 res
627 3452 717 3520 dedit
730 3472 770 3514 ac
787 3447 899 3519 docuit
913 3447 997 3512 nos?
1050 3510 1055 3522 Ι
1116 3489 1121 3498 ·

128 3571 195 3648 At,
212 3561 477 3643 dimissaanima‚
491 3557 609 3645 corpus
625 3569 712 3622 curet
724 3555 992 3638 undiquesensu:
1028 3537 1032 3548 ¹

128 3671 251 3736 Perdit
261 3669 364 3749 enim,
378 3669 548 3750 quodflnou
561 3664 734 3749 proprium
747 3662 808 3726 fuit
818 3660 888 3725 eius
904 3660 940 3723 in
956 3679 1053 3738 acvo;

130 3780 312 3857 Multaque
327 3779 493 3859 praeterea
511 3773 634 3858 perdit,
655 3790 755 3853 quom
769 3766 944 3852 expellitur
957 3783 1051 3828 aevo.

176 3880 300 3945 Dicere
308 3897 422 3962 porte,
434 3879 548 3942 oculos
559 3877 688 3941 nullam
698 3895 769 3938 rem
779 3893 912 3936 cernere
922 3889 1031 3952 posse,
