3034 5116
459 495 499 576 96
664 489 732 550 nn
759 483 951 549 neuun
980 483 1195 546 nerunt
1256 504 1287 546 v.
1309 485 1375 562 με.

457 631 627 716 Quatenus
635 635 684 690 est
694 625 894 715 unumimer
903 645 938 687 se
945 667 955 706 ,
968 623 1209 706 coniunctaque
1216 639 1272 690 res
1284 636 1355 698 esto

496 731 678 815 Principi0,
694 730 852 813 quoniam
864 739 996 794 tenuem
1010 739 1160 794 oomlnre
1170 731 1324 800 minutis

457 840 659 923 Corporibus
670 836 783 918 docui,
797 837 966 917 multoque
976 837 1163 902 minorihus
1172 859 1241 902 esse

455 947 630 1031 Principiis
640 946 771 1027 factam,
790 925 895 1027 uuam
907 943 1054 1026 liquidus
1067 947 1189 1008 humor
1200 949 1315 1030 aquai,

455 1055 670 1145 Autpebula,
684 1061 742 1113 aut
758 1050 893 1112 fumus:
911 1067 989 1110 nam
1007 1050 1109 1135 longe
1123 1050 1307 1112 mobilitate

454 1163 614 1237 Pracslat,
628 1166 689 1219 ete
705 1153 796 1218 tenui
806 1171 905 1216 causa
914 1151 1019 1238 magis
1034 1151 1100 1216 icta
1116 1163 1289 1232 movetur3

354 1341 357 1352 Ι
455 1265 588 1349 Quippe
605 1261 663 1324 ubi
676 1256 970 1345 imaginibusfumi
988 1258 1194 1339 nebulaeque
1204 1265 1387 1321 moventur:
1463 1344 1464 1352 ἵ

455 1370 555 1454 Quod
567 1386 688 1457 genus,
702 1363 739 1426 in
752 1361 875 1446 somnis
889 1360 1005 1444 sopiti,
1018 1362 1077 1447 ubi
1089 1363 1256 1428 cernimus
1265 1367 1330 1426 ulte

454 1477 616 1538 Exhalare
630 1489 753 1553 vapore
770 1469 903 1551 altaria,
916 1468 1066 1547 ferreque
1080 1468 1225 1532 fumum:

454 1584 538 1642 Nam
550 1569 667 1662 procul
678 1579 759 1638 haee
767 1573 870 1637 dubio
877 1573 979 1636 nobis
993 1574 1169 1638 simulacra
1181 1587 1361 1663 genunlur:

454 1691 551 1750 Nunc
561 1685 676 1774 igitur,
691 1681 867 1766 quoniam,
880 1681 1041 1762 quassatis
1054 1683 1298 1764 undique'vasis
1306 1736 1316 1770 ,
1457 1737 1464 1792 ,

454 1791 612 1862 Diflluere
629 1791 821 1868 humorem,
837 1796 868 1848 et
882 1784 1014 1848 laticem
1027 1785 1209 1871 discedere,
1226 1791 1348 1872 cernis,
1453 1806 1458 1843 ³

453 1901 494 1961 Et
505 1897 625 1961 nebula
642 1867 680 1956 ad
694 1891 805 1954 fumus
818 1887 976 1972 quoniam
992 1889 1130 1956 discedit
1143 1891 1180 1956 in
1195 1913 1305 1975 auras3

454 2005 576 2084 Crede,
592 1999 737 2063 animem
747 1989 1049 2078 quoquediffundi,
1067 1999 1239 2080 multoque
1247 2001 1358 2084 perire

454 2105 571 2188 Ocius,
584 2125 622 2166 ac
640 2101 733 2166 citius
744 2079 880 2165 dissolvi
891 2099 926 2162 in
938 2119 1078 2185 corpora
1091 2103 1221 2185 prima,

452 2215 564 2296 Quom
573 2209 674 2272 semel
686 2217 728 2269 ex
743 2203 887 2268 hominis
896 2206 1053 2271 membris
1068 2209 1177 2272 ablata
1188 2209 1327 2274 recessit.
1349 2227 1399 2287 44⁰

452 2319 585 2406 Quippe
599 2313 722 2379 etenim
737 2332 873 2394 corpus,
888 2313 979 2392 quod
994 2331 1052 2376 vas
1061 2313 1156 2394 quasi
1168 2315 1397 2397 constititeius,

377 2429 396 2446 ⁹
452 2428 561 2511 Quam
571 2420 724 2485 cohibere
739 2415 870 2498 nequit,
884 2427 1136 2498 conquassatum
1151 2439 1192 2482 err
1201 2418 1315 2503 aliqua
1324 2443 1369 2504 re,

452 2533 499 2593 Ac
515 2526 730 2606 rarefactum,
743 2525 888 2585 detracto
901 2522 1063 2606 sanguine
1075 2524 1183 2608 venis,

451 2635 536 2697 Ae're
548 2624 606 2711 qui
622 2623 735 2691 credas'
748 2647 842 2710 posse
852 2628 938 2690 hanc
955 2627 1141 2694 cohiberier
1155 2634 1247 2697 ullo?

452 2742 598 2820 Corpore
611 2726 669 2815 qui
683 2744 794 2798 nostro
808 2753 901 2796 rarus
915 2734 1021 2820 magis
1037 2735 1274 2804 incohibessit?

490 2846 675 2923 Praeterea,
695 2840 789 2927 gigni
805 2840 928 2923 pariter
944 2862 1020 2904 cum
1037 2863 1199 2929 corpore,
1213 2858 1251 2911 ,et
1263 2867 1335 2912 una

451 2951 604 3011 Crescere
618 2946 791 3028 sentimus,
805 2931 1183 3034 pariterquedenescere,
1198 2929 1357 3017 mentem.

449 3057 535 3118 Nam
547 3051 781 3116 velutiniirmo
796 3051 892 3136 pueri
902 3062 1081 3134 teneroque
1091 3068 1255 3144 vagantur

451 3163 613 3244 Corpore,
631 3161 678 3224 sic
695 3159 799 3223 animi
811 3159 959 3241 sequitur
973 3163 1136 3226 sententia
1148 3166 1275 3246 tenuis:

449 3267 547 3350 Inde,
565 3267 623 3329 ubi
639 3267 779 3330 robustis
794 3265 939 3330 adolevit
950 3265 1076 3332 viribus
1085 3249 1200 3356 netues
1251 3293 1256 3300 ·

451 3377 633 3440 Consilium
643 3397 775 3458 quoque
787 3375 909 3456 maius,
925 3384 956 3437 et
968 3375 1094 3439 auctior
1104 3387 1151 3441 est
1160 3379 1265 3442 animi
1278 3383 1331 3448 vis
1343 3403 1353 3446 t

411 3463 413 3470 ’
448 3483 539 3564 Post,
551 3483 609 3546 ubi
620 3482 688 3544 iam
702 3471 820 3552 validis¹
833 3494 1020 3563 quassatum
1031 3491 1079 3545 est
1091 3481 1217 3548 viribus
1230 3489 1310 3552 aevi

450 3592 592 3672 Corpus,
608 3599 640 3652 et
654 3589 777 3652 obtusis
789 3587 975 3652 ceciderunt
991 3587 1116 3653 viribus
1134 3600 1241 3671 artus3

449 3697 619 3761 Claudicat
631 3698 818 3783 ingenium,
837 3698 953 3761 delirat
968 3686 1166 3786 linguaque,
1183 3719 1362 3784 mensque:

449 3804 570 3866 Omnia
586 3803 759 3888 deficiunt,
777 3815 875 3887 atque
890 3825 957 3867 uno
974 3817 1120 3890 tempore
1137 3810 1265 3870 desunt.

447 3909 534 3996 Ergo
547 3908 682 3976 dissolvi
697 3929 830 3993 quoque
843 3895 995 3977 convenit
1008 3931 1142 3978 omnem
1157 3912 1286 3976 animai
