3034 5114
328 423 531 492 LI'BER
570 427 648 490 111.
687 443 810 506 nrqr.
850 451 866 500 '.
1010 435 1048 517 87

83 567 193 647 quue
201 565 302 630 situm
315 565 425 630 media
439 543 578 654 regione
590 566 627 630 in
640 565 784 650 pectoris
799 561 923 634 haeret.

83 663 153 735 Hic
165 673 305 736 exsultat
321 669 412 735 enim'
419 690 525 756 pavor
534 691 573 736 ac
586 681 707 748 metus3
718 654 801 737 haec
812 675 886 738 locu
896 676 1023 742 circum

82 775 245 842 laetitiae
256 779 419 842 mulcents
438 772 495 842 hic
511 797 592 864 ergo
608 799 701 844 mens
717 781 912 865 animusque
921 796 980 862 eet.

84 889 206 950 Cetera
218 903 294 968 pars
311 883 459 963 animae,
481 904 541 964 per
553 893 659 946 toturn
670 885 931 970 dinitacorpus,

84 993 204 1072 Paret,
215 999 248 1052 et
258 990 440 1052 adnomen
453 987 571 1054 mentis
587 1008 789 1070 momenque
799 1000 968 1054 movetur:

84 1097 197 1176 quue
205 1091 277 1158 sibi
291 1094 401 1156 solun
412 1112 520 1175 perse
533 1092 633 1176 sapit,
651 1102 683 1156 et
695 1092 758 1156 sibi
772 1095 912 1182 gaudet,

87 1201 203 1286 Quom
213 1215 321 1278 neque
333 1215 384 1260 res
396 1195 562 1279 animaru,
576 1217 683 1279 neque
694 1217 829 1282 corpus,
845 1207 1032 1264 commovet

623 1325 700 1372 nna.

87 1413 131 1472 Et
141 1411 236 1492 qnasi
247 1428 349 1492 quom
359 1419 473 1495 caput,
489 1421 546 1474 ant
558 1411 693 1492 oculus,
705 1419 850 1476 tentante
861 1413 993 1496 dolore,
1030 1393 1033 1398 ⁵

87 1517 249 1584 Laeditur
261 1517 299 1581 in
311 1517 423 1599 nobis,
438 1537 507 1582 non
520 1515 613 1597 orpni
628 1517 880 1582 concruciamur

89 1626 258 1708 Corpore:
273 1625 322 1690 sic
336 1625 467 1690 animus
478 1643 719 1706 nonuunquam
733 1625 878 1689 laeditur
890 1624 980 1710 ipse,

88 1718 297 1809 laetitiaque
307 1729 416 1814 viget,
428 1747 532 1810 quom
545 1740 652 1792 cetera
666 1749 742 1812 pars
756 1728 881 1792 animai

73 1905 76 1910 ,
88 1840 154 1903 Per
167 1838 319 1900 membra
335 1845 433 1918 atque
448 1847 537 1898 artus
552 1836 643 1904 nulla
657 1834 802 1898 novitate
814 1834 929 1898 cietur.

89 1942 229 2022 Verum,
239 1939 302 2004 ubi'
305 1938 494 2002 vehementi
505 1937 608 2024 magis
618 1951 662 2002 est
677 1948 840 2001 commota
851 1947 938 2002 metu
950 1956 1053 2023 mern,
1103 2017 1104 2024 ἵ

91 2046 288 2112 Consentire
295 2043 443 2110 animam
461 2056 562 2108 totam
575 2065 634 2127 per
644 2029 794 2108 meuihrr
804 2043 972 2110 videmus:

91 2151 353 2234 Sudoresqueita
362 2153 609 2232 ,palloremque
623 2149 777 2212 exsistere
792 2157 860 2240 toto
984 2151 1053 2212 ,155

94 2261 257 2342 Corpore,
276 2267 308 2322 et
321 2256 462 2343 infringi
479 2255 644 2340 linguam,
659 2274 840 2337 vocemque
859 2254 998 2341 aboriri,

92 2367 246 2454 Caligare
263 2365 393 2447 oculos,
413 2383 535 2428 sonere·
545 2365 671 2447 aureis,
687 2364 854 2430 succidere
864 2378 964 2430 artus.

131 2470 286 2550 Denique
300 2469 474 2541 concidere
488 2490 529 2533 ex
544 2469 648 2532 animi
661 2480 785 2536 terrore
802 2472 954 2536 videmus

91 2581 198 2661 Saepe
206 2575 376 2638 homines:
390 2573 487 2662 facile
497 2575 655 2656 utqn'lvis
664 2575 744 2641 hinc
759 2597 894 2644 noscere
904 2579 1024 2663 possit,
1131 2631 1139 2648 t

92 2685 168 2750 Esse
181 2681 329 2748 animam
342 2702 419 2745 cum
428 2679 542 2746 animo
553 2682 779 2762 coniunctam
795 2703 896 2768 quae,
916 2703 1017 2767 quom
1104 2731 1107 2736 .

208 2809 209 2814 ¹
615 2788 727 2853 ‘animi
737 2788 774 2851 vi

96 2899 251 2960 Percussa
266 2907 328 2980 cst,
344 2897 421 2959 exin
433 2913 556 2978 'corpus
568 2895 740 2978 propellit,
761 2904 793 2955 et
811 2893 877 2956 icit.

54 2983 59 2994 ’
139 3003 229 3067 Haec
241 3006 355 3068 eadem
371 3001 455 3064 ratio
468 3012 622 3063 naturam
634 2997 740 3064 animi
751 2995 852 3080 atque
865 2995 989 3060 dnimai

96 3115 298 3196 Corporeum
311 3111 408 3173 donet
417 3121 502 3174 esse:
519 3107 579 3170 ubi
592 3105 682 3169 enirn
689 3107 877 3188 propellere
888 3109 1054 3189 membra,

94 3215 277 3298 Concipere
286 3234 326 3278 ex
335 3233 453 3278 somno
466 3231 600 3296 corpus,
613 3220 810 3290 mutareque
820 3210 964 3291 voltum,

93 3327 203 3404 Atque
211 3319 379 3386 homiuem
396 3330 500 3382 totum
511 3335 625 3404 regere
634 3333 676 3377 ao
689 3303 822 3378 versare
835 3314 983 3378 videtur:
1038 3329 1041 3337 ’

93 3431 271 3516 (Quorum
281 3425 330 3489 nil
346 3421 419 3487 fieri
433 3423 505 3488 sine
523 3431 610 3486 tactu
628 3437 724 3503 posse
737 3418 905 3494 videmus3

94 3541 165 3601 Nec
176 3545 297 3598 tactum
309 3551 409 3616 porro
420 3530 491 3595 sine
501 3527 678 3612 eorpore3)
692 3547 803 3590 nonne
811 3526 980 3590 latendum
990 3535 1054 3610 est,

95 3647 267 3727 Corporea
277 3650 394 3703 natura
405 3636 554 3701 animum
568 3645 732 3715 constare,
741 3629 975 3712 animamque?

67 3765 71 3772 ·
138 3749 313 3809 Praeterea
322 3742 446 3826 pariter
458 3737 554 3824 fungi
567 3755 643 3800 cum
655 3754 808 3818 corpore,
826 3742 936 3797 etuua

96 3847 294 3914 Consentire
303 3835 452 3910 animum
465 3842 563 3908 nohis
574 3841 767 3925 incorpore
783 3835 900 3906 cernis.
