3034 5114
307 508 319 533 ,
398 442 716 532 menn-111.
755 434 942 556 v.r29,'-
1075 483 1114 562 93

144 603 254 678 Haud
260 601 357 668 facile
366 611 429 689 est,
444 606 526 688 quin
537 607 679 674 intereat
692 617 810 694 nature
820 631 953 695 quoque
962 612 1045 678 eius.
1106 654 1111 665 ·

75 752 78 788 ,
142 711 201 774 Sic
215 710 570 795 animiatquennimae
583 726 737 783 naturam
753 739 893 804 corpore
906 729 975 784 toto

140 821 329 898 Extrahcre
346 823 437 886 haud
450 822 548 888 faciie
566 834 631 906 est,
649 823 731 906 quin
745 827 861 890 omnia
872 805 1119 914 dissplvaniuri·

139 926 360 1008 implexisita
376 927 549 1012 principiis
567 932 611 994 cb
629 930 758 1018 origine
770 933 878 1016 prima

139 1034 241 1096 Inter
255 1053 290 1098 se
304 1033 390 1098 fiunt
406 1037 549 1102 consorti
565 1037 816 1120 praeditevita:

121 1172 123 1180 v
138 1141 216 1204 Nec
231 1133 296 1204 sibi
312 1161 479 1224 quaeque,
492 1141 563 1206 sine
581 1143 714 1206 citerius
729 1141 778 1224 vi,
795 1161 892 1227 posse
907 1146 1039 1212 videtur

140 1243 305 1324 Corporis
322 1252 420 1330 etque
433 1243 556 1326 anim,
572 1244 855 1336 seorsumsentire
867 1259 1026 1334 potestas:

71 1385 75 1396 ·
139 1350 211 1411 Sed
228 1349 459 1414 communibus
472 1349 558 1414 inter
570 1369 626 1432 eos
639 1349 800 1412 confletur
812 1351 970 1432 utrinque

138 1449 308 1533 Motibus,
323 1471 476 1520 accensus
488 1452 586 1516 nobis
598 1473 658 1533 per
673 1451 798 1542 viscera
807 1500 820 1534 ,
829 1464 953 1520 sensus.
1046 1523 1057 1538 y,

186 1558 377 1638 Praeterea,
389 1576 512 1642 ,corpus
524 1577 585 1640 per
600 1577 635 1620 se
647 1577 709 1620 nec
722 1557 870 1646 gignitur
885 1582 1048 1648 unquam,

138 1663 214 1724 Nec
232 1660 367 1742 crescit,
382 1681 490 1740 neque
502 1668 727 1744 postmortem
743 1661 862 1725 durare
876 1662 1016 1728 videtur.
1054 1667 1060 1716 ’-
1119 1651 1129 1676 '

137 1769 221 1829 Non
234 1765 337 1850 enim,
356 1769 524 1830 uthumor
541 1785 661 1848 aquae,
673 1767 1093 1854 ddnittitsaeperaporem,

139 1871 982 1961 Quidamsest‚.nequecucausaconvcllituripse‚

139 1979 209 2039 Sed
222 1986 334 2066 manet
345 1975 537 2041 incolumis:
555 1957 813 2060 non,'inquam‚
824 1977 872 2042 sic
883 1976 1006 2040 animai

142 2083 330 2172 Discidium
348 2093 486 2168 possunt
501 2094 590 2156 artus
602 2084 749 2168 perferre
764 2082 883 2162 relicti;
913 2091 930 2156 ᾗ
1044 2087 1104 2160 343

142 2195 209 2260 sed
219 2194 351 2276 penitus
362 2202 503 2276 pereunt
519 2192 683 2274 complu,
697 2212 825 2272 conque
840 2198 1042 2274 putrescunt.
1157 2219 1167 2239 ι

140 2301 193 2360 Ex
208 2295 346 2380 ineunte
361 2315 443 2358 aevo
462 2295 510 2360 sic
523 2295 670 2378 corporis
682 2304 780 2376 atque
793 2294 918 2360 animai

133 2405 263 2477 ¹Mutua
274 2398 402 2464 vitsleis
413 2397 543 2464 discunt
560 2398 712 2486 contagia
729 2407 847 2481 motus,
926 2461 928 2470 ,

140 2505 304 2570 Maternis
319 2503 419 2568 etiam
433 2503 608 2584 membris,
624 2505 766 2586 ol'voque
776 2511 924 2588 reposto;

140 2609 329 2676 Discidium
345 2619 382 2672 ut
397 2621 539 2693 nequeat
549 2593 622 2674 fieri
639 2611 710 2676 sine
725 2619 816 2697 peste
828 2611 999 2692 maloques

141 2721 188 2780 Ut
203 2717 334 2800 videas,
348 2717 505 2797 quoniam
524 2717 700 2781 coniuncta
717 2728 766 2782 est
783 2737 878 2782 causa
897 2718 1027 2802 salutis,

143 2816 363 2886 coniunctim
379 2842 512 2903 qnoque
530 2831 682 2886 naturam
699 2821 874 2886 consistere
886 2845 1013 2886 eorum.

189 2933 285 3016 Quod
298 2939 460 3016 superest,
479 2930 508 2992 si
522 2930 595 3011 quis
610 2949 729 3012 corpus
741 2931 861 2994 sentire
874 2931 1010 3012 resutat‚

143 3041 253 3118 Atque
263 3035 409 3100 animam
420 3033 544 3114 credit,
558 3033 754 3116 permixtam
771 3051 910 3116 corpore
925 3042 1012 3114 toto,
1087 3022 1089 3028 ’

139 3139 316 3224 Suscipere
326 3141 416 3206 hunc
429 3148 573 3221 motum,
593 3151 836 3219 quem'sensum
847 3134 1099 3224 nominitamus}

139 3249 207 3314 Vel
228 3247 417 3312 manifestas
430 3266 482 3312 res
502 3257 615 3312 contra
628 3243 787 3326 verasque
802 3252 975 3336 repugnat.
1058 3244 1061 3250 ’

138 3356 236 3442 Quid
247 3355 291 3420 ,sit
306 3355 396 3418 enim
412 3375 530 3438 corpus
543 3355 663 3420 sentire
674 3353 747 3434 quis
760 3347 874 3415 afferet
887 3343 1033 3430 unquam
1041 3395 1054 3434 ,
1142 3347 1145 3362 ¹
1203 3441 1205 3448 Ι

137 3463 178 3528 Si
188 3483 258 3530 non
269 3462 340 3546 ipsa
350 3465 462 3545 pelam
472 3465 562 3543 quod
572 3481 624 3526 res
634 3459 724 3528 dedit
737 3480 776 3522 ac
793 3456 905 3549 docuit
919 3457 1004 3522 nos?
1056 3518 1061 3534 s
1122 3499 1127 3508 ·

137 3573 204 3651 At,
218 3567 349 3634 dimissa
358 3567 484 3648 anima,
497 3565 615 3652 corpus
631 3576 719 3629 caret
730 3564 877 3644 undique
886 3584 999 3628 sensu:
1035 3549 1039 3558 ⁸

137 3675 256 3739 Perdit
267 3673 370 3756 enim,
385 3675 554 3758 quodrnon
567 3672 740 3756 proprium
753 3670 815 3734 fuit
825 3669 895 3735 eius
911 3669 947 3733 in
962 3689 1059 3748 aevo;

140 3784 317 3863 Multaque
332 3785 499 3864 praeterea
517 3780 640 3864 perdit,
661 3799 761 3862 quom
776 3774 950 3860 expellitur
964 3794 1058 3846 sevo.

185 3885 305 3950 Dicere
313 3903 428 3968 porro,
440 3885 554 3948 ocutos
565 3885 694 3948 nullam
704 3903 776 3946 rem
786 3902 918 3946 cernere
928 3899 1037 3962 posse,
1121 3909 1123 3914 ·
