2940 5114
333 449 539 514 LIBER
577 451 802 532 V-nrdat.
993 463 1090 525 ποῦ’
1149 521 1155 531 ,

92 596 270 684 Cornibus,
281 607 314 665 et
325 609 445 667 terram
458 603 626 669 minitanti
638 617 748 672 mente
761 609 912 672 ruebant.

90 713 132 773 tt
144 709 264 774 validis
275 711 380 776 socios
394 713 575 776 caedebant
590 712 743 778 dentibus
759 715 848 798 apri,

90 819 170 881 Tela
183 817 325 882 infracta
340 835 402 883 sne
412 815 575 906 tingentes
588 819 750 910 sanguiue
762 820 873 904 saevi,

91 925 150 1011 [In
160 937 199 986 se
210 925 313 988 fracta
324 943 385 988 suo
398 926 561 1012 tingentes
571 925 734 1012 sanguine
743 926 847 1010 tela‚]
873 943 875 951 ’

90 1031 337 1111 Permixtasque
348 1031 471 1093 dabant
483 1029 630 1111 equitum
642 1031 858 1112 peditumque
871 1031 993 1102 ruinas.

90 1140 175 1202 Nam
193 1147 380 1201 transvorsa
393 1137 480 1200 seros
496 1138 632 1202 exibant
647 1139 753 1203 dentis
766 1143 911 1206 adactus

90 1247 261 1327 Iumenta,
273 1253 329 1306 aut
339 1243 479 1328 pedibus
492 1254 606 1307 ventos
624 1253 730 1309 erecta
743 1249 917 1329 petebant:
1006 1243 1008 1248 ’

92 1348 345 1430 Nequidquam
360 1345 521 1428 quoniam
535 1349 577 1409 ab
588 1347 697 1412 nervis
706 1348 832 1412 succisa
846 1350 976 1418 videres
1014 1417 1017 1424 ,

92 1455 290 1535 Concidere,
306 1463 406 1535 atque
418 1453 512 1540 gravi
526 1451 646 1546 terram
661 1463 869 1520 consternere
884 1477 972 1522 casu.

92 1559 124 1626 Si
140 1577 226 1641 quos
240 1567 318 1621 ante
332 1556 425 1620 domi
443 1555 584 1620 domitos
597 1555 676 1620 satis
691 1576 761 1622 esse
774 1559 951 1643 putabant,

75 1663 314 1730 'Effer-vescere
331 1667 508 1728 oernebant
517 1663 555 1726 ⁴in
568 1663 667 1726 rebus
677 1663 835 1750 agundis,
915 1661 918 1666 ’

91 1773 310 1854 Vulneribus,
322 1771 482 1852 atemere,
496 1771 592 1856 fuga,
611 1773 753 1854 terrore,
766 1769 941 1838 tumultus

91 1883 158 1944 Nec
175 1887 330 1964 poterant
344 1875 449 1940 ultam
465 1886 592 1958 partem
608 1876 768 1940 reducere
782 1894 909 1942 eorum.

91 1981 296 2072 Diffugiebat
309 1982 400 2084 enim
415 1981 663 2067 verimmgenuu
679 2000 778 2044 omne
790 1981 954 2046 ferarum:
1061 1978 1064 1983 ’

92 2096 137 2157 Ut
148 2113 240 2157 nune
251 2089 595 2172 superinvenire,
605 2085 693 2150 ferro
704 2089 792 2150 male
801 2097 944 2170 mactae,

92 2193 298 2282 Diffirgiunt,
310 2195 379 2256 fera
391 2193 476 2256 tacta
493 2191 560 2255 suis
575 2210 678 2272 quom
692 2194 800 2260 multa
813 2194 945 2258 dedere.
976 2201 1052 2280 1339

131 2301 187 2364 Sic
201 2297 280 2382 urit,
296 2307 333 2362 ut
344 2298 501 2362 facerent:
522 2295 581 2358 sed
593 2292 650 2356 vix
663 2295 867 2378 adducor‚ut
882 2308 958 2362 aute

93 2412 168 2472 Nou
183 2407 329 2490 quierint
341 2405 454 2468 animo
465 2402 680 2486 praesentire,
696 2409 795 2483 atque
805 2402 936 2486 videre,

94 2521 204 2604 Quam
214 2525 390 2577 commune
406 2511 531 2572 malum
541 2507 633 2572 fieret
643 2509 859 2590 foedumque,
871 2511 1037 2577 fumeum:

93 2627 134 2689 Et
146 2621 300 2716 magisid
309 2616 414 2704 possis
426 2618 550 2680 tactum
561 2612 807 2678 contrudereiu
823 2616 915 2678 omni
922 2662 932 2700 ‚
965 2637 967 2642 ’

93 2739 133 2798 In
143 2732 244 2797 variis
251 2728 402 2812 mundis,
416 2721 508 2790 varia
520 2725 648 2788 ratione
662 2723 798 2807 creatis,

94 2845 204 2927 Quam
221 2845 310 2901 eerto
325 2843 424 2914 atque
440 2851 509 2894 uno
526 2841 689 2895 terrerum
703 2829 854 2910 quolibet
867 2829 952 2892 orbi.

93 2945 159 3009 Sed
175 2943 283 3004 facere
296 2938 332 3001 id
343 2953 416 3005 non¹
427 2943 496 2997 tam
508 2930 670 2994 vincundi
685 2949 744 3010 spe
757 2931 952 3009 voluerunt,
1036 2956 1039 2962 Δ

94 3054 205 3137 Quam
215 3039 307 3128 dere,
317 3037 408 3126 quod
417 3048 588 3131 gemerent
597 3033 866 3116 hostes,·ipeique
877 3033 998 3116 perire,
1081 3107 1085 3119 1
1192 3033 1200 3040 ’

93 3155 161 3243 Qui
172 3163 316 3216 numero
325 3141 534 3226 diffidebant,
550 3141 716 3222 armisque
728 3141 900 3202 vacabant.

134 3261 261 3326 Nexilis
275 3268 352 3323 aute
363 3255 429 3320 tuit
445 3250 560 3335 vestis,
572 3269 673 3333 quam
691 3246 801 3312 textile
817 3255 968 3332 tegmen:

93 3369 225 3435 Textile
234 3374 307 3450 post
320 3364 445 3426 ferrum
457 3367 518 3435 est3
535 3355 613 3438 quia
625 3354 713 3418 ferro
722 3355 787 3416 tela
800 3359 952 3452 paratur:

95 3478 163 3538 Nec
175 3470 303 3536 ratione
314 3466 380 3530 alie
391 3473 528 3549 possunt
538 3473 605 3526 tam
617 3459 725 3522 laevia
736 3457 831 3546 gigni

93 3575 225 3656 Insilia,
237 3590 275 3636 ac
290 3569 369 3648 iusi3
382 3567 481 3649 radii,
499 3565 655 3647 scapique
670 3572 833 3627 sonantes.

136 3687 178 3746 Et
189 3683 298 3744 faeere
309 3668 387 3740 ante'
395 3676 484 3739 viros
494 3674 606 3735 lenam
621 3681 738 3733 natura
751 3667 872 3754 reign,

93 3791 208 3876 Quam
221 3781 383 3848 muliebre
396 3799 519 3868 genus3
540 3781 616 3839 narn
631 3777 731 3859 longe
744 3781 886 3855 praestat
899 3769 936 3834 in
947 3759 1033 3853 arte,

96 3900 138 3962 Et
155 3893 325 4024 sollertius·
334 3900 386 3956 est
397 3891 521 3972 multo,
537 3883 641 3974 genus
655 3897 756 3946 omne
769 3876 882 3942 virile:
941 3964 946 3968 ..
