3056 5126
336 397 413 470 DE
436 399 482 470 T.
500 397 845 484 Lucanum.
977 419 1068 479 xvrt

92 533 239 646 poetis,
252 551 360 628 Tom.
373 555 415 626 IL
430 555 531 652 Opp.
542 581 621 658 pag.
634 581 710 654 197.
727 577 868 632 secutur
881 559 1070 656 Philippus

95 663 295 736 Beroaldus
308 681 345 736 et
359 665 597 742 BarthiusLu.
611 693 644 761 4.
658 670 805 742 Advers.
821 671 989 742 Lucretio
1002 672 1067 764 ipsi

94 772 184 842 testi
205 774 405 864 credimus,
435 778 500 870 qui
519 779 613 850 libro
641 793 743 874 septo
766 801 801 849 v·
824 799 882 870 92.
902 801 1069 877 supremae
1133 778 1136 786 ’

90 887 303 983 praescripta
318 885 363 956 nd
375 885 515 957 candido
532 888 631 958 caleis
643 887 784 983 spatium
804 909 943 958 currere
962 911 998 957 se
1017 885 1070 956 ai·

96 992 232 1065 firmat
244 995 446 1072 Exordium
460 996 576 1089 operis
590 996 688 1068 idem
703 1018 876 1090 quoque,
891 997 993 1090 quod
1003 1021 1070 1071 nos

96 1103 235 1192 hodie,
250 1106 336 1202 legit
349 1107 437 1177 olim
453 1105 609 1178 Ovidius
622 1107 665 1176 ll.
680 1107 785 1180 Trist.
798 1129 831 1178 v.
850 1106 930 1180 ufir.
1028 1157 1032 1170 .

151 1215 333 1294 Sumsert't.
348 1218 531 1290 Aeneadum
539 1219 694 1312 genetrix
707 1219 763 1288 ubi
772 1219 904 1316 primur
917 1221 1071 1316 requiret.

202 1329 386 1399 Aeneadum
395 1333 549 1422 genetrix
567 1329 649 1401 unde
664 1332 709 1400 sit
723 1331 811 1400 alme
833 1329 943 1402 Venus.
1001 1364 1009 1391 ι

98 1433 187 1506 Hoc
200 1449 268 1521 est,
290 1436 375 1507 siin
390 1459 515 1508 manus
536 1437 701 1508 sumserit
724 1436 952 1527 Lucretium,
970 1439 1072 1542 cuius

97 1543 217 1639 prima
230 1544 315 1615 haec
331 1563 415 1616 sunt
433 1546 560 1616 verba:
581 1547 766 1618 Aeneadum
775 1550 949 1642 genetrix,
966 1550 1071 1620 lami·

96 1681 179 1727 num
195 1655 374 1753 Ditemque
384 1659 549 1757 valuptas:
563 1679 676 1751 quem
689 1659 816 1730 Ovidii
828 1681 971 1730 sensum
985 1685 1072 1746 esse,

96 1769 322 1863 iampridem
335 1771 473 1842 notavit
487 1765 830 1842 Ludovicus'Carrio
838 1765 901 1839 lib.
910 1769 937 1839 l.
951 1791 1072 1840 emen·

99 1877 291 1948 dationum
309 1903 384 1970 cap.
401 1881 432 1948 8.
445 1879 628 1952 Usitatum
638 1881 734 1946 enim
754 1875 859 1945 fuisse
871 1875 1071 1962 veteribus,

99 2002 142 2055 ut
151 1986 302 2058 vocibus
315 1987 510 2056 initialibus
522 1987 648 2080 scripta
659 1985 732 2078 ipsa
745 1985 972 2074 denotarent,
988 1989 1074 2079 plu--

97 2095 198 2166 ribus
211 2095 383 2188 exemplis
398 2095 508 2167 docet
519 2094 570 2166 Ιο.
586 2095 724 2166 lonsius
743 2095 786 2167 Il.
807 2119 840 2184 5.
855 2096 902 2168 de
912 2096 1071 2190 Scripta·

99 2203 198 2274 ribus
212 2205 301 2274 Hist.
313 2195 443 2276 Philas.
457 2229 536 2302 pag.
558 2206 635 2298 136.
648 2229 719 2296 seq·
731 2219 767 2275 et
780 2203 933 2302 Scaliger
945 2207 992 2275 ad
1003 2202 1071 2276 Eu·

99 2299 172 2383 seb.
185 2335 287 2386 num.
301 2331 521 2385 unccccrx.
539 2313 651 2417 Quod
664 2335 747 2382 vero
762 2312 800 2380 in
813 2311 939 2390 limine
954 2315 1069 2407 operis

97 2423 244 2494 invocat
256 2423 435 2496 Venerem
448 2423 645 2509 Lucretius,
655 2423 767 2490 homo
781 2422 986 2514 Epicureus,
1003 2426 1068 2516 qui

27 2519 30 2526 ’
98 2559 118 2604 a
135 2533 211 2604 Diis
231 2537 352 2605 omnia
370 2535 528 2608 humana
548 2555 678 2626 susque
694 2532 817 2632 deque
831 2533 983 2626 putabat
1005 2537 1068 2617 ha·

99 2643 198 2733 beri,
215 2647 306 2726 ‚satis
328 2644 531 2718 seduxisse
554 2643 809 2716 existimandus
832 2659 883 2712 est
909 2639 1067 2718 excusati

99 2779 201 2826 more
215 2759 361 2854 vulgato
376 2769 584 2851 poetarum,
607 2778 728 2848 neque
741 2755 807 2824 alia
820 2775 912 2844 opus
926 2775 997 2824 esse
1008 2777 1067 2825 re·

101 2854 292 2956 sponsione
310 2866 460 2964 arbitror
477 2863 523 2936 ad
546 2854 813 2934 dubitationem
828 2864 920 2934 hauc
941 2861 1066 2935 dissol⁴

100 2970 274 3056 vendam,
288 2995 397 3064 qnam
410 2974 544 3042 multos
556 2973 648 3042 viros
657 2973 782 3042 doctos
796 2973 989 3042 exercuisse
999 2974 1067 3044 do*

101 3097 167 3168 cet,
180 3100 320 3175 praeter
332 3081 540 3174 interpretes
548 3080 717 3164 Lucretii,
726 3066 953 3174 Creechium,
965 3081 1067 3151 alios·

100 3187 332 3283 que,Petrus
349 3189 506 3277 Baelius,
529 3190 583 3262 vir
603 3183 923 3286 ingeniosissimus,
940 3185 978 3256 in
998 3187 1065 3257 Di·
1158 3253 1160 3258 Α
1222 3211 1225 3216 ’

99 3297 273 3370 ctionario
286 3299 464 3370 Historieo
478 3305 556 3398 pag.
574 3321 677 3392 1923·
692 3290 859 3367 editionis
872 3289 1062 3388 secundae,
1080 3393 1081 3398 ἵ

73 3465 75 3470 .
101 3415 211 3502 quem
225 3407 270 3479 de
286 3411 533 3501 poetalector,
555 3409 620 3481 ubi
634 3411 756 3493 volet,
773 3407 945 3478 consulet.
958 3409 1065 3481 Mem-

100 3522 218 3592 mium,
235 3518 293 3588 cui
310 3529 439 3612 poema
451 3543 556 3591 suum
573 3515 758 3589 Lucretius
770 3516 963 3610 inscripsit,
978 3520 1063 3592 scri.-

103 3627 204 3718 psisse
227 3645 263 3700 et
286 3630 403 3721 ipsum
421 3650 560 3717 versus,
577 3629 723 3725 colligas
745 3651 791 3696 ex
809 3621 912 3696 Plinii
936 3627 998 3700 lib.
1013 3629 1061 3703 V.

104 3735 204 3828 Epist.
219 3761 249 3830 3.
266 3739 433 3811 Eundem
443 3738 709 3810 Maecenatibus
724 3759 763 3808 ac
775 3736 980 3811 liberalibus
989 3755 1060 3813 s'tu·
1132 3729 1134 3734 ¹

106 3846 245 4000 diorpm
257 3851 412 3940 patronis
424 3863 583 3922 accenset
596 3847 765 3922 Martialis
776 3844 940 4025 lippo„

207 3957 312 4010 nefasta.
835 3971 850 4008 2
