3056 5126
384 348 389 380 ¹
477 385 582 442 xvm
634 359 915 438 norma
948 357 1296 436 tirrenum

574 528 726 602 Pisones.
741 525 960 622 Senecasque.
972 523 1198 622 Memmiosque

572 636 618 709 Et
633 635 761 736 Crispos
773 634 852 707 milti
865 632 962 704 redde
993 671 1029 686 -·
1067 630 1104 686 .:

524 747 630 855 Quae
641 770 761 818 veroa
780 743 978 816 recentiore
995 757 1109 815 aetate
1126 740 1165 813 in
1179 739 1294 813 Gallia
1313 739 1463 814 etiam·

473 875 565 931 num
576 849 837 930 claret'illustris
849 851 1108 926 Memmiorum
1119 875 1221 952 gens,
1235 851 1375 924 Gallice
1388 853 1460 924 der

471 968 626 1043 Marmor.
640 967 668 1060 si
682 963 928 1038 Bemhardum
951 962 1139 1034 Monetam
1161 959 1347 1048 audimus,
1374 959 1457 1032 La·

471 1076 549 1150 tine
566 1076 810 1150 Maximorum
823 1071 944 1166 potius
962 1070 1113 1142 nomine
1126 1069 1339 1162 appellanda
1352 1086 1452 1142 erat.

470 1185 566 1257 Vide
577 1181 787 1280 Menagiana
798 1180 908 1251 Tom.
916 1178 978 1251 IV.
991 1203 1069 1276 pag.
1085 1200 1124 1262 17
1131 1202 1165 1267 5.
1181 1177 1239 1248 De
1251 1178 1345 1250 illius
1355 1201 1454 1276 gen·

471 1291 516 1363 tis
535 1291 704 1362 laudibus
729 1289 829 1384 Caop.
856 1285 1042 1360 Gevartiua
1068 1285 1288 1380 praefatione
1307 1285 1355 1356 ad
1368 1303 1450 1358 tres

469 1399 675 1472 Electorum
692 1399 800 1470 libros
817 1397 932 1470 editos
949 1396 1050 1468 Paris.
1068 1395 1171 1490 1619.
1187 1419 1219 1486 4.
1236 1395 1449 1470 Franciscua

468 1509 641 1583 Vavasso'r
659 1508 699 1580 in
713 1507 830 1606 elogio
852 1504 978 1578 Claud.
992 1503 1175 1593 Memmii,
1197 1503 1307 1576 Hadr.
1328 1505 1449 1578 Vale-

469 1619 539 1690 rius
559 1616 597 1686 in
613 1617 839 1690 dedicatione
861 1613 1033 1688 diatribae
1048 1614 1095 1686 de
1111 1613 1280 1704 basilicis,
1302 1613 1445 1709 aliique

468 1727 602 1802 laudati
614 1725 796 1799 aGraevio
805 1726 844 1796 in
856 1727 963 1821 Epist.
974 1725 1020 1796 ad
1034 1723 1113 1796 Nic.
1127 1722 1315 1796 Heinsium
1325 1723 1443 1798 Tom.

466 1839 530 1913 1V.
543 1838 629 1936 Syll
646 1837 838 1912 Burmann.
852 1861 931 1934 pag.
947 1835 1030 1909 610.

512 1946 673 2018 ⁴Lucretii
699 1947 829 2041 placita
848 1944 1021 2038 Epicurea
1036 1945 1192 2020 carmine
1213 1943 1441 2020 confutanda

464 2048 770 2142 sibi'sumserunt,
789 2055 917 2126 Latino
936 2055 1093 2130 Hernico
1114 2057 1291 2151 quidem,
1313 2059 1440 2133 Aonius

466 2165 658 2238 Poleoriur.
669 2165 779 2261 Scipio
794 2165 961 2263 Capitiut,
979 2166 1180 2263 Polignarur
1192 2166 1385 2240 Cardinalis
1401 2187 1440 2243 et

471 2270 613 2343 Thomas
634 2267 720 2342 Cera
743 2266 778 2340 S.
793 2269 818 2338 l
838 2270 990 2366 Anglico
1005 2271 1171 2345 Henricur
1190 2273 1304 2348 Morus
1320 2291 1356 2344 et
1373 2273 1441 2344 Ri-

466 2381 609 2453 clordur
623 2377 837 2452 Blocimores
854 2377 992 2452 Gallico
1008 2369 1143 2452 Carolus
1159 2379 1315 2452 Claudius
1331 2381 1440 2456 Gene-

467 2507 558 2563 rtus.
571 2503 607 2558 et
617 2486 1037 2560 ItalicodlexMorcltetti.
1047 2489 1206 2588 Scipionis
1217 2491 1339 2590 Cupicii
1351 2493 1440 2567 libri

372 2679 377 2684 ,
465 2599 510 2672 ll.
523 2598 699 2668 dererum
712 2596 918 2691 principiis,
939 2597 1066 2671 Venet.
1083 2599 1186 2692 154⁶·
1201 2601 1233 2671 8.
1246 2601 1441 2699 prodiere,

466 2725 503 2780 et
523 2707 670 2778 Palearii
695 2705 778 2778 libri
800 2723 868 2780 tres
892 2732 958 2804 pro
982 2709 1121 2804 animae
1141 2703 1438 2810 immortalitate,

464 2815 633 2888 Lucretio
656 2819 837 2913 oppositi,
858 2843 904 2892 ex
920 2819 1050 2894 merito
1069 2816 1259 2895 laudantur
1275 2843 1295 2893 a
1316 2818 1437 2900 Sado-

461 2927 537 3000 leto
549 2925 639 3021 Epp.
654 2926 696 3000 V.
711 2952 790 3026 pag·
809 2951 889 3004 ooo.
908 2954 1033 3024 quera
1049 2929 1204 3002 Paleario
1219 2931 1366 3027 scriptos
1379 2957 1433 3004 es-

461 3063 519 3127 se,
530 3039 606 3111 sine
618 3037 748 3112 idonea
762 3063 863 3114 causa
872 3042 1018 3115 dubitat
1029 3041 1122 3115 Rob.
1134 3042 1253 3116 Titius
1266 3068 1312 3115 ex
1324 3044 1424 3117 Wei-

458 3148 525 3221 seri
540 3148 642 3244 Opp.
652 3174 732 3248 pag.
754 3151 837 3234 878.
854 3151 1049 3223 Cardinalis
1066 3152 1247 3246 ¹l'olignoci
1268 3153 1349 3225 libn·
1361 3148 1419 3222 lX.

459 3259 507 3330 de
530 3258 612 3328 Deo
632 3274 777 3331 auctore
799 3260 954 3332 universi
977 3260 1110 3354 cupide
1132 3264 1326 3358 exspectati
1344 3275 1427 3358 post

458 3363 642 3462 specimen
665 3391 792 3438 eorum
812 3368 975 3461 editum,
995 3371 1116 3443 lucem
1134 3372 1325 3462 viderunt,
1345 3387 1429 3468 port

456 3492 612 3548 mortem
626 3475 719 3563 eius,
732 3477 891 3570 primum
907 3479 1038 3551 Parisiis
1051 3505 1133 3554 cura
1145 3469 1295 3554 Abbatis
1314 3481 1429 3555 Caroli

376 3649 378 3654 ,
455 3586 620 3658 Rotltelini
628 3639 639 3662 .
653 3585 691 3657 in
706 3585 808 3660 cuius
825 3588 1044 3683 praefatione
1061 3593 1201 3666 historia
1216 3594 1297 3664 libri
1317 3591 1429 3663 tradi-

456 3712 533 3780 tur3
553 3693 686 3765 deinde
700 3695 839 3789 Lipsiae
857 3701 959 3788 1748.
975 3697 1011 3772 8.
1033 3725 1116 3774 cura
1133 3699 1345 3786 Gorsrltedii.
1360 3703 1429 3773 ad·

386 3813 389 3820 '
458 3804 533 3877 dita
545 3802 707 3883 Diatribe
725 3805 772 3880 de
796 3807 913 3880 Poetis
927 3806 1159 3906 Philosophia
1184 3806 1286 3880 Cerae
1299 3805 1426 3880 Philo·
