3034 5116
246 539 250 544 ¹
362 460 564 536 LIBER
602 461 680 524 111.
701 483 753 527 fv.
778 465 847 546 768.
1023 489 1080 552 ¹07

118 597 549 682 Mortalemesseanimam,
568 603 744 685 quoniam,
759 611 884 681 mutata
894 623 955 687 per
965 611 1055 672 artus

118 706 323 788 Tantopere,
341 703 460 768 amittit
477 706 579 768 vitam
592 727 789 790 sensumque
799 712 956 795 priorem

162 811 387 894 Quovemodo
395 808 529 892 poterit,
541 809 664 893 pariter
670 834 748 875 oum
758 832 894 897 corpore
904 835 1038 899 quoque

116 910 325 976 Confirmata
330 959 341 996 ,
357 913 507 996 cupitum
519 913 631 978 aetatis
646 925 779 1002 tangere
792 917 908 978 floretn

115 1017 183 1084 Vis
197 1017 316 1100 animi,
328 1018 393 1084 nisi
404 1017 465 1082 erit
479 1039 614 1084 consors
629 1021 664 1084 in
680 1022 809 1108 origiue
824 1021 957 1105 prima?

31 1187 34 1194 Δ
115 1125 257 1212 Quidve
266 1126 353 1193 foras
364 1125 429 1190 sibi
438 1129 509 1190 volt
518 1127 674 1216 membris
687 1129 777 1192 exire
786 1115 947 1192 sensatis?

116 1236 176 1298 An
187 1232 303 1296 metuit
317 1235 471 1296 conclusa
485 1254 619 1300 manere
630 1235 667 1298 in
685 1253 823 1319 corpore
830 1236 954 1320 putri?

114 1339 193 1419 An,
205 1340 321 1400 domus
334 1337 447 1412 aetatis
463 1337 569 1420 spatio
582 1337 720 1412 refossa
736 1348 863 1404 vetusto
972 1319 974 1328 ’

116 1446 274 1509 Oba-uati
289 1446 332 1507 At
341 1463 409 1508 non
419 1454 495 1510 sunt
508 1443 574 1507 iam
586 1443 766 1508 immortali
777 1445 847 1508 ulla
859 1443 992 1528 pericla.
1074 1472 1081 1492 ·

162 1549 316 1630 Denique
334 1547 500 1615 connubia
511 1551 554 1612 ad
569 1549 721 1632 Veneris,
732 1560 910 1633 partusque
919 1549 1079 1633 ferarum,

114 1657 200 1720 Esse
211 1655 338 1719 animas
352 1665 497 1740 praesto,
512 1657 731 1720 deridiculum
743 1675 810 1720 esse
821 1655 970 1772 viderur}

115 1763 320 1844 Exspectare
330 1762 545 1826 immortaleis
556 1761 708 1826 mortalia
721 1763 870 1826 membra

115 1871 304 1934 Innumero
314 1881 471 1953 numero,
484 1881 674 1951 certareque
687 1877 983 1952 praeproperanter
1003 1935 1004 1942 χ

116 1973 215 2036 Inter
228 1993 282 2057 se,
294 1955 379 2056 quae
390 1974 512 2059 prima,
525 1973 776 2057 potissimaque,
796 1971 1000 2036 insinueture

118 2073 159 2138 Si
172 2089 244 2166 non
254 2074 339 2138 forte
356 2074 403 2137 ita
417 2065 494 2139 sunt
509 2061 695 2140 ammarum
706 2075 839 2138 foedera
854 2083 963 2160 pacta,
1022 2075 1080 2154 7³²

121 2181 181 2262 Ut,
200 2199 285 2260 quae
296 2179 405 2264 prima
414 2182 531 2246 volans
543 2177 730 2260 advenerit,
750 2178 934 2244 insinuetur

28 2359 29 2364 ἵ
120 2287 250 2374 Prima,
265 2309 373 2369 neque
385 2288 471 2352 inter
482 2309 516 2351 se
531 2285 865 2354 oontendautuirihus
875 2286 993 2352 hilum.

161 2391 361 2473 Deniquein
372 2396 502 2457 aethere
510 2413 578 2456 non
589 2395 703 2472 arbor,
717 2389 981 2474 nou·aequoreiu
992 2391 1061 2454 alto

121 2499 235 2564 Nubes
245 2519 312 2562 esse
327 2507 468 2580 queunt,
485 2520 547 2562 nee
554 2497 659 2581 pisces
668 2496 778 2560 virere
791 2494 827 2558 in
838 2491 943 2579 arvis,

121 2603 192 2664 Neo
204 2621 302 2674 eruor
316 2603 354 2688 in
368 2601 484 2690 tignis,
501 2623 563 2666 nec
577 2601 663 2668 saxis
675 2621 790 2666 succus
805 2600 924 2664 inesse:

122 2707 260 2768 Certum
266 2723 305 2768 ac
311 2705 503 2788 dispositum
513 2716 570 2788 est,
580 2706 638 2770 ubi
645 2703 807 2788 quidquid
817 2715 938 2770 creseat
951 2702 1086 2770 etimit:

124 2808 180 2872 Sic
190 2806 295 2870 animi
307 2819 425 2870 natura
438 2807 553 2888 nequit
562 2806 634 2870 sine
649 2827 787 2892 corpore
797 2806 880 2868 oriri

106 2943 109 2952 ·
125 2912 220 2993 Sola,
236 2905 345 2992 neque
358 2908 497 2971 enervis
510 2918 542 2970 et
553 2908 713 2994 sanguine
727 2906 859 2992 longius
872 2926 949 2970 esse.

127 3018 229 3102 Quod
243 3016 272 3081 si
285 3023 396 3099 posset¹
411 3013 520 3094 enim,
533 3013 638 3074 multo
649 2997 744 3092 ¹prius
756 3009 828 3092 ipsa
840 3009 943 3074 animi
953 3009 1003 3076 vis

124 3123 166 3184 In
183 3121 304 3206 eapite,
319 3129 376 3184 aut
389 3117 550 3197 humeris,
560 3124 617 3176 aut
633 3113 709 3178 imis
723 3113 883 3198 calcibus,
897 3133 965 3182 esse
1067 3167 1071 3175 ,

124 3233 254 3311 Posset,
267 3237 300 3292 et
309 3226 436 3292 innasci
445 3221 560 3306 quavis
570 3221 605 3285 in
616 3231 710 3305 parte
724 3221 858 3301 soleret,

126 3339 282 3424 Quamde
296 3335 334 3400 iu
349 3338 465 3400 eodem
477 3332 722 3412 hominemque
735 3329 773 3392 in
788 3329 906 3392 eodem
923 3345 1000 3390 vase

662 3458 818 3504 manere„

129 3549 233 3634 Quod
244 3544 402 3628 quoniam
417 3555 528 3610 nostro
539 3547 804 3627 quoqueeonstat
815 3557 951 3622 corpore
963 3543 1089 3602 eertum

128 3657 401 3742 Dispositumque
411 3654 555 3738 videtur,
567 3651 625 3716 ubi
633 3670 700 3714 esse
713 3659 745 3712 et
756 3666 899 3712 crescere
910 3644 1012 3729 possit

128 3765 288 3833 Seorsum
305 3757 414 3826 anima
430 3773 528 3846 atque
546 3759 691 3824 errimus:
711 3764 801 3842 tanto
818 3752 921 3844 magis
934 3750 1013 3820 infi—

594 3909 601 3928 2
663 3859 835 3942 ciantium,
