3134 5112
316 390 522 454 LIBER
562 388 630 454 VI.
670 389 815 450 v01081.
976 401 1034 469 247

64 546 135 607 Neo
150 547 283 604 metam
298 539 438 601 multam
453 527 514 597 hie
526 554 662 618 operam
674 553 868 599 consumere
878 551 940 617 par
952 543 1015 600 est:
1082 529 1085 536 ’

24 713 27 719 .
65 653 132 716 Sed
143 648 292 712 breviter
300 644 415 730 paucis
427 652 572 728 praestat
583 644 820 724 comprendere
829 643 948 703 multa.

108 759 263 838 Quorum
276 752 325 814 lta
336 760 485 814 texturae
501 747 692 812 cecideruut
705 758 820 812 mutua
833 757 967 832 contra,
1042 753 1044 760 '
1064 786 1067 790 ·

66 862 113 921 Ut
124 878 207 922 cava
217 855 417 920 conveniant
430 853 539 938 plenis
551 857 633 916 haec
646 853 750 936 illius,
764 855 823 916 illa

66 958 260 1039 Huiusque3
275 958 406 1022 interse
416 956 569 1019 iunctura
583 958 665 1020 haec
680 964 818 1038 optuma
832 963 970 1021 constat.

68 1067 126 1128 Fst
137 1064 254 1144 eliam,
274 1063 369 1144 quasi
379 1071 417 1124 ut
434 1061 575 1126 anuellis
589 1061 762 1144 hamisque
775 1062 917 1145 plicata,

68 1177 162 1236 Inter
176 1193 211 1236 se
226 1173 390 1251 quaedam
404 1169 530 1254 possint
543 1173 680 1253 copllata
693 1171 815 1238 teneri:

71 1279 172 1365 Quod
189 1275 294 1362 magis
304 1275 340 1338 in
355 1274 465 1357 lapide
480 1274 632 1338 homfieri
641 1276 796 1358 ferroque
806 1277 948 1340 ridetur.
1005 1329 1008 1348 ,

111 1384 224 1462 Nunc,
239 1379 324 1442 ratio
335 1379 474 1460 quaesit
488 1380 630 1462 morbis,
641 1391 716 1463 aut,
730 1384 820 1445 unde
834 1391 972 1466 repente

71 1487 280 1552 Mortiferam
290 1486 392 1568 possit
407 1489 534 1550 cladem
547 1491 690 1551 contla-re
706 1498 819 1552 coorta

72 1592 237 1657 Morbida.
246 1590 296 1654 vis
308 1591 481 1654 hominum
494 1593 628 1680 generi,
642 1597 875 1678 pecudumque
886 1592 1040 1676 catervis,

72 1695 267 1779 Expediam.
282 1695 451 1779 Primum,
467 1699 648 1761 multarum
663 1700 792 1785 semina
804 1719 917 1764 rerum

74 1803 151 1864 Esse
167 1820 268 1883 supra
286 1801 401 1881 docui,
415 1821 500 1880 quae
510 1802 575 1864 sint
586 1801 701 1866 vitalia
716 1803 826 1884 nobis3
878 1837 885 1868 t

74 1905 114 1966 Et
126 1911 260 1983 contra,
275 1922 361 1982 quae
373 1902 440 1966 sint
453 1908 571 1967 morbo
585 1905 767 1988 mortique,
782 1926 913 1969 necesse
923 1912 971 1968 est

74 2010 182 2074 Multa
195 2010 323 2070 volare:
340 2027 378 2070 ea
393 2028 494 2089 quom
508 2030 582 2072 casu
593 2022 671 2073 sunt
681 2010 767 2073 forte
778 2020 907 2090 coorta,
966 2009 1042 2093 1095

74 2113 114 2174 Et
123 2111 363 2194 perturbarunt
373 2112 522 2192 coelum,
533 2110 571 2172 fit
580 2110 750 2176 morbidus
763 2118 830 2176 a'e'r.

74 2221 232 2298 Atqueea
243 2215 293 2280 vis
309 2216 419 2279 omnis
433 2220 645 2300 morborum,
661 2218 902 2301 pestilitasque,

76 2327 143 2387 Aut
154 2321 371 2405 extrinsecus,
381 2334 419 2385 ut
429 2327 534 2388 nubes
547 2328 754 2406 nebulaeque
766 2347 909 2410 superne

77 2433 140 2491 Per
152 2428 284 2491 coelum
293 2427 448 2505 veniunt3
459 2437 517 2499 aut
526 2427 599 2511 ipsa
612 2447 710 2511 saepe
728 2439 842 2490 coorta

77 2539 128 2599 De
141 2545 226 2598 terra
237 2544 393 2621 surgunt,
405 2533 464 2598 ubi
479 2545 650 2618 putrorern
664 2531 804 2596 humida
819 2543 914 2598 nacta
929 2545 990 2618 est,

78 2641 323 2726 Intempestivis
337 2640 543 2724 pluviisque,
555 2652 588 2703 et
600 2640 742 2722 solibus,
756 2639 831 2702 icta.

120 2755 240 2813 Nonne
249 2749 343 2812 vides
354 2749 470 2830 etiam,
486 2749 569 2812 coeli
582 2747 728 2810 novitate
740 2754 772 2810 et
789 2767 951 2826 aquarum

80 2857 235 2939 Tentari,
249 2857 367 2940 procul
383 2876 403 2916 a
415 2855 523 2937 patria
538 2854 729 2933 quicunque
743 2855 917 2930 domoque

80 2963 295 3029 Adveniunti'
306 2961 399 3040 ideo,
413 2960 490 3040 quia
503 2963 604 3043 longe
619 2956 833 3039 discrepitant
848 2977 911 3020 res.
958 3013 962 3020 .

81 3075 168 3133 Nam
180 3069 263 3150 quid
277 3068 442 3132 Britannis
454 3069 585 3131 coelum
602 3060 737 3128 differre
754 3074 923 3148 putamus,

82 3179 124 3238 Et
134 3178 226 3257 quod
241 3175 277 3236 in
288 3177 446 3258 Aegypto
463 3183 527 3251 est,
543 3189 609 3252 qua
621 3168 740 3230 mundi
749 3167 914 3244 claudicat
928 3166 1021 3232 axis?
1129 3187 1133 3198 ·

84 3279 317 3366 Quidvequod
328 3278 364 3340 in
371 3280 478 3338 Ponto
490 3286 555 3356 est,
574 3271 725 3356 differre,
742 3273 941 3356 etGadibus,
952 3283 1051 3356 atque

76 3389 199 3464 -Usque
209 3384 252 3444 ad
264 3382 362 3468 nigra
374 3377 484 3442 virum
498 3387 654 3462 percocto
664 3381 751 3444 secla
767 3380 886 3441 calore.

85 3495 183 3575 Quae
200 3508 303 3572 quoru
314 3496 477 3568 quatuor,
491 3486 577 3549 inter
592 3507 627 3554 se
637 3484 784 3564 divorsa,
804 3483 957 3549 videmus

85 3602 240 3683 Quatuor
257 3593 394 3658 aventis
404 3603 436 3656 et
448 3593 531 3656 coeli
542 3592 691 3675 partibus
702 3611 787 3667 esse;

84 3709 174 3768 Tum
187 3707 279 3768 color
294 3714 326 3766 et
339 3701 438 3765 facies
451 3700 626 3764 hominum
638 3699 758 3762 distare
768 3697 924 3760 ridentur
997 3752 1006 3768 f

87 3812 254 3898 largiter,
270 3822 302 3874 et
315 3811 425 3876 morbi
434 3808 617 3898 generatim
630 3810 717 3874 secla
730 3818 852 3874 tenere.
