3034 5116
421 411 461 482 9²
620 387 688 453 nn
714 386 903 450 runnu
930 382 1154 448 nerunt
1216 403 1250 447 v.
1272 403 1337 468 297.

422 543 498 625 Quo
509 558 630 626 genere
642 536 678 600 in
692 534 808 619 primis
826 529 876 595 vis
887 540 935 594 est
949 499 1095 592 violenta
1104 529 1259 608 leonum

422 646 558 705 Pectora
572 638 631 722 qui
645 635 780 701 fremitu
795 643 956 717 rumpunt
968 636 1165 717 plerumque
1178 641 1359 720 gementes,

421 745 489 806 Neo
502 763 620 825 capere
636 741 762 803 irarum
773 729 889 801 fluctus'
903 738 938 800 in
951 747 1083 820 peelore
1097 745 1242 819 possunt.

420 853 464 915 At
478 845 613 914 rentosa
628 846 734 932 magis
748 863 924 918 cervorum
936 833 1060 928 frigida
1069 861 1163 908 mens
1173 852 1239 924 est,

420 955 463 1016 Et
476 951 600 1040 gelidas
615 950 710 1014 cititn
727 946 925 1032 perviscera
937 941 1205 1024 eonfflaurm

423 1059 516 1144 Quae
527 1057 705 1120 tremulum
719 1053 845 1118 faciunt
858 1051 1015 1116 membris
1030 1048 1183 1114 exsistere
1197 1057 1334 1114 mottrn.

422 1164 465 1226 At
480 1173 600 1225 natura·
611 1163 714 1224 boum
730 1160 862 1243 placido
873 1158 979 1246 magis
996 1163 1072 1222 aere
1085 1156 1190 1238 vivit,
1314 1152 1316 1156 ’

422 1268 490 1328 Nec
500 1263 610 1330 miuus
621 1265 685 1328 irai
697 1265 932 1346 fannunquam
948 1263 1079 1328 subdita
1091 1263 1197 1347 percit

422 1372 577 1454 Fumida,
590 1359 782 1436 suffundens
792 1389 908 1434 caecae
923 1369 1063 1457 caligula
1075 1372 1245 1452 umbram

422 1479 490 1542 Nee
502 1477 620 1563 gelidis
633 1487 739 1560 torpet
751 1476 823 1541 telis
836 1475 963 1560 perfixa
976 1476 1125 1560 pavor-ise

423 1586 515 1650 Inter
530 1595 684 1665 utrasque
699 1583 760 1646 rita
774 1594 838 1666 est,
857 1603 971 1648 cervos
986 1599 1166 1666 saevosque
1180 1588 1305 1651 leones.

347 1765 349 1770 ,
464 1695 518 1758 Sic
529 1694 704 1774 hominurn
716 1711 820 1779 genus
832 1705 895 1758 est:
907 1694 1058 1777 quamvis
1071 1696 1223 1760 doctrina
1238 1696 1359 1780 politos

367 1875 370 1884 ‚
425 1797 609 1863 constituat
619 1797 743 1881 pariter
755 1800 929 1881 quosdam,
945 1781 1055 1862 tamen
1070 1798 1130 1862 ilia
1146 1799 1306 1882 relinquit

364 1929 369 1944 ·
423 1909 567 1970 Naturae
578 1902 761 1994 quoiusque
773 1901 906 1968 animae
924 1903 1065 1990 vestigia·
1072 1904 1202 1987 primae

424 2010 492 2072 Nec
505 2006 660 2070 radicitus
677 2005 776 2068 evelli
796 2008 883 2070 mala
901 1999 1003 2089 posee'
1014 2009 1198 2091 putandum
1212 2017 1275 2092 est,
1323 2015 1380 2073 31r

425 2109 517 2195 Quin
530 2107 710 2191 proclivius
724 2107 780 2171 hi'c
797 2109 863 2174 iras
878 2112 1034 2176 decurrat
1050 2113 1094 2174 ad
1105 2111 1228 2193 aereis3
1356 2101 1359 2108 ¹

424 2213 489 2277 Ille
500 2225 598 2276 metu·
607 2212 703 2276 ditius
716 2215 831 2295 paullo
852 2223 1011 2294 tentetur3
1025 2217 1128 2282 atille

424 2320 555 2384 Tertiu's
569 2320 709 2404 accipiat
724 2325 886 2402 quaedam
900 2325 1094 2390 clementius
1109 2345 1239 2408 aequet

392 2424 396 2431 “
424 2430 531 2509 Inque
546 2427 621 2490 aliis
634 2428 731 2492 rebus
749 2429 863 2495 multis
878 2427 1012 2494 differre
1031 2443 1227 2500 neeesseest
1321 2451 1324 2458 ·

424 2539 565 2600 Naturae
576 2537 750 2600 hominurn
766 2539 890 2623 varias,
908 2559 1082 2623 moresque
1096 2544 1281 2626 sequaceis:

426 2649 577 2732 Quorum
588 2665 650 2731 ego
664 2665 753 2708 nuuc
766 2653 895 2726 nequeo
909 2665 1020 2710 caecas
1033 2665 1199 2732 exponere
1215 2669 1346 2735 canens,

425 2751 494 2811 Nec
509 2748 655 2830 reperire
667 2747 848 2835 figurarum
870 2760 917 2815 tot
932 2752 1084 2835 nomina,
1101 2763 1268 2837 quotsunt
1313 2761 1331 2793 '⁹
1349 2786 1352 2794 ·

425 2853 616 2940 Principiis,
634 2857 724 2919 unde
740 2859 822 2920 haec
835 2857 942 2922 oritur
955 2859 1119 2925 variantia
1131 2883 1254 2925 rerum.
1281 2849 1286 2860 ’
1327 2876 1330 2885 “

465 2955 612 3048 llludin'
622 2959 675 3024 his
686 2963 784 3048 rebus
801 2961 919 3026 videor
931 2961 1064 3028 firmare
1082 2976 1231 3051 potesse,
1280 2993 1286 3004 ·
1355 2955 1358 2960 ¹

425 3072 541 3166 Usque
550 3070 635 3135 adeo
646 3080 839 3135 naturarum
850 3072 988 3160 vestigia
1004 3073 1114 3155 linqui

425 3181 581 3265 Parvola,
600 3201 685 3262 quae
701 3191 843 3263 nequeat
858 3183 944 3246 ratio
958 3185 1122 3265 depellere
1140 3185 1254 3249 dictis:
1352 3171 1358 3183 ⁵

426 3284 471 3346 Ut
487 3283 745 3368 nihil'inipediat
758 3285 893 3372 'dignam
911 3281 969 3349 Dis
987 3288 1107 3373 degere
1127 3287 1259 3370 vitam„

407 3379 410 3391 '
466 3395 558 3457 Haec
567 3392 946 3479 igiturnatura'tenetur
959 3413 1095 3476 corpore
1109 3395 1152 3456 eb
1167 3389 1281 3474 omni,
1319 3393 1322 3400 '

401 3513 409 3536 ·
425 3501 567 3583 Ipsaque
583 3501 730 3584 corporis
746 3509 793 3564 cst
809 3509 931 3584 custos,
950 3509 983 3564 ct
999 3520 1096 3565 causa
1111 3501 1244 3580 saltdis;

426 3609 510 3670 Nam
523 3606 755 3671 communibus
773 3607 860 3672 inier
878 3627 914 3672 se
925 3589 1091 3671 radicibus
1103 3609 1259 3692 haerent,

426 3711 581 3774 Nereine
597 3711 744 3795 pernicie
760 3708 875 3776 divelli
888 3729 982 3796 posse
1001 3711 1165 3775 videntur.
1269 3733 1274 3741 ·

384 3831 388 3852 ‘
427 3817 527 3901 Quod
539 3827 662 3904 genre,
677 3833 697 3880 e
711 3813 791 3883 turis
805 3815 911 3903 glebis
924 3815 1065 3881 evellere
1084 3817 1222 3882 odorem
