2906 5152
337 363 544 434 LIBER
583 365 624 432 V·
665 383 697 428 v.
721 371 791 452 94³·
984 380 1043 458 ¹9³

118 518 161 582 ,tt
168 519 285 583 sedare
298 516 388 582 sitin
403 515 498 582 fluvii
509 517 683 598 fontesque
697 509 876 598 vocabant3

38 617 44 640 ⁸
77 624 123 687 Ut
136 641 228 688 nunc
239 623 408 688 montibus
423 643 443 687 e
460 620 589 710 magnis
605 623 762 688 decursus
778 627 880 706 aquai

77 728 248 794 claricitat
266 731 331 792 late
348 727 493 793 sitientia
509 729 596 792 secla
606 727 765 794 ferarum.

75 835 248 918 Denique,
267 843 345 898 nota
359 833 467 919 vagis,
480 832 642 934 silvestria
660 837 785 919 templa
797 839 955 903 tenebant

74 945 329 1028 Nympharum,
345 941 466 1024 quibus
475 942 628 1006 excibant
637 945 778 1008 humore
790 945 914 1010 fluenta

74 1049 238 1132 Lubrica,
253 1047 406 1132 proluvie
421 1051 514 1136 larga
528 1051 639 1113 lavere
656 1051 795 1114 humida
812 1070 907 1135 saxa,

74 1150 230 1214 Humida
246 1169 339 1232 saxa,
356 1169 457 1233 super
471 1149 573 1212 viridi
589 1143 747 1215 stillantia
759 1165 895 1216 musco:

74 1259 122 1320 Et
134 1257 255 1341 partim
265 1259 367 1341 plano
380 1266 503 1321 scatere
521 1267 619 1338 atque
630 1277 806 1342 erumpere
824 1239 955 1343 campo.v

124 1366 270 1428 Necdum
281 1385 333 1429 res
346 1363 417 1452 igni
428 1365 557 1429 scibant
570 1375 727 1450 tractare,
742 1385 850 1446 neque
870 1365 922 1430 uti

76 1467 244 1552 Pellibus,
263 1478 295 1532 et
312 1470 427 1553 spoliis
443 1490 562 1554 corpus
575 1469 695 1540 vestire
712 1473 876 1563 ferarum:¹
1090 1533 1100 1580 ι

77 1574 146 1636 Sed
158 1581 417 1656 nemora,atque
425 1594 522 1640 cavos
532 1571 690 1659 monteis',
702 1577 868 1659 silvasque
876 1577 1040 1666 colebant,
1146 1573 1161 1614 7

79 1681 124 1742 Et
135 1678 270 1744 butices
280 1678 369 1746 inter
380 1682 566 1744 condebant
574 1681 724 1762 squalida
735 1669 904 1766 ritembra,

81 1791 232 1856 Verbera
244 1799 420 1853 ventorum
435 1791 538 1854 vitare
553 1789 755 1877 imbreisque
769 1795 885 1858 coacti.

120 1899 192 1960 Ner
200 1915 377 1961 commune
386 1899 512 1960 bonum
522 1907 675 1980 poterant
684 1909 839 1982 spectare,
850 1921 959 1982 neque
968 1899 1046 1965 ullis

82 1997 542 2080 Motibusintersescierant,
560 2020 621 2078 nec
632 2001 776 2088 legibus,
790 2001 850 2066 uti.
987 2004 1048 2086 957

82 2107 186 2191 Quod
196 2106 341 2188 quoique
350 2109 514 2170 obtulerat
525 2109 669 2189 praedae
680 2109 826 2189 fortuna,
845 2109 986 2193 ferebat,
999 2115 1003 2130 ‘

81 2209 209 2292 Sponte
223 2231 282 2274 sna
295 2210 359 2273 sibi
373 2211 512 2292 quisque
524 2212 635 2273 valere
646 2221 678 2274 et
689 2211 802 2273 vivere
814 2211 940 2274 doctus.

120 2313 163 2375 Et
173 2316 286 2378 Venus
302 2313 339 2376 in
354 2313 445 2377 silvis
464 2313 623 2399 iungebat
638 2333 779 2396 corpora
796 2321 985 2377 amantum:
1017 2311 1022 2324 '

68 2461 70 2467 ι
84 2418 295 2482 conciliabat
309 2419 397 2481 enim
411 2417 464 2480 vel
476 2429 591 2480 mutua
605 2437 772 2498 quamque
781 2416 922 2501 cupido,

85 2525 150 2590 Vel
166 2523 313 2587 violenta
331 2524 398 2586 viri
413 2523 479 2604 vis,
498 2533 596 2603 atque
613 2521 763 2604 impensa
779 2520 904 2603 libido,

86 2635 150 2699 Vel
160 2632 323 2715 pretium,
339 2632 495 2720 glandes,
512 2635 611 2708 atque
627 2621 825 2710 arbuta,vel
835 2625 922 2710 pira,
932 2627 1028 2692 lecta·

129 2737 169 2800 Et
184 2748 343 2799 manuum
358 2737 443 2800 mira
457 2734 535 2798 freti
544 2734 681 2815 virtute,
696 2735 902 2820 pedumque,
1024 2764 1026 2773 ·

89 2839 372 2908 consectabantur
385 2839 546 2906 silvestria
562 2841 650 2902 secla
664 2839 811 2907 ferarum
850 2924 852 2930 y

91 2949 270 3016 Missilibus
283 2947 384 3026 saxis,
402 2955 435 3008 et
451 2963 573 3028 magno
590 2943 739 3024 pondere
754 2943 885 3020 clavae,

90 3056 263 3135 Multaque
278 3051 472 3129 vincebant,
486 3046 635 3108 vitabant
647 3061 755 3126 pauca
770 3043 920 3123 latebris3

91 3159 313 3246 setigerisque
322 3133 418 3242 pares
431 3155 532 3230 subus
545 3150 750 3232 silvestribu’,
758 3151 908 3212 membra

90 3263 270 3331 Nudabant
286 3278 407 3347 terrae,
423 3271 585 3325 nocturno
603 3271 750 3340 ternpore
767 3255 855 3340 capti
864 3301 876 3340 ,
944 3273 948 3286 ¹

92 3347 227 3437 Circum
238 3393 272 3438 se
284 3369 373 3435 foliis
384 3391 422 3432 ac
433 3365 607 3430 frondibus
622 3363 838 3426 involventes.

134 3477 202 3542 Ne'c
211 3477 371 3563 plangore
381 3474 469 3537 diem
481 3489 619 3556 magno,
632 3471 819 3551 solemque,
832 3489 892 3551 per
902 3485 1002 3554 agros

95 3585 308 3669 Quaerebant
321 3579 451 3665 pavidi,
468 3580 616 3662 palantes
633 3575 737 3639 noctis
751 3577 787 3637 in
799 3577 943 3640 umbrica
1031 3607 1034 3615 ·

95 3687 159 3750 Sed
170 3687 261 3750 taciti
278 3685 517 3771 respectabant,
536 3701 720 3762 somnoque
732 3681 873 3764 sepulti,

93 3795 184 3857 Dum
200 3813 295 3857 rosea
316 3794 387 3858 face
404 3793 454 3857 sol
468 3790 604 3855 inferret
622 3787 749 3852 lumina
765 3789 872 3851 coelo.

176 3895 309 3951 lunum
675 3931 677 3938 ,
754 3907 786 3962 13
