3034 5114
385 343 587 424 udan
625 358 705 423 111.
747 363 869 428 ern.
1071 389 1110 450 ,ι

144 495 269 577 Possim
288 518 350 564 neo
366 498 474 582 spatio
493 497 566 564 fieri
585 501 690 566 divisa
703 502 860 586 potestas}

143 604 212 666 Sed
227 603 324 684 quasi
338 606 461 702 multae
477 604 526 668 vis
539 605 641 668 ⁴unius
659 609 809 690 corporis
821 617 956 676 exstant.

143 703 248 784 Quod
260 723 379 790 genus,
396 703 432 768 in
448 726 516 787 quo
527 704 577 771 vis
592 706 799 774 animantum
813 711 918 778 visere
930 689 1047 802 uolgo,

141 804 202 868 Eat
210 806 312 888 odor,
327 815 358 868 et
368 806 505 887 quidam
514 807 619 892 calor,
633 819 786 893 etsapor:
807 823 958 879 ettamen
970 814 1069 880 exhis
1105 823 1107 828 ’

142 911 312 976 Omnibus
324 924 372 978 est
385 916 688 1000 unumneriectum
703 919 852 1002 corporis
864 941 1018 1008 augmen.

139 1019 197 1108 Sic
208 1021 300 1086 calor
313 1031 412 1102 atque
428 1025 486 1084 adr
503 1033 535 1089 et
551 1025 644 1092 venti
657 1047 753 1092 caeca
764 1039 906 1110 potestas

139 1121 248 1188 Mixta
259 1134 369 1192 creant
384 1145 487 1190 unam
501 1136 669 1213 naturam,
684 1141 717 1194 et
731 1132 865 1196 mobilia
876 1133 936 1200 illa

138 1224 216 1308 vis,
231 1224 351 1290 initum
365 1237 473 1294 motus
483 1234 526 1328 ab
542 1253 578 1296 se
588 1255 674 1316 quae
686 1236 805 1299 dividit
814 1237 905 1318 oilis3

135 1327 285 1398 sensifer
295 1333 385 1396 unde
398 1333 504 1399 oritur
517 1338 666 1420 primum
679 1361 739 1422 per
752 1341 877 1404 viscera
889 1351 1007 1408 motus.

134 1437 225 1507 Nam
235 1438 367 1520 penitus
374 1459 529 1524 prorsum
536 1446 615 1512 latet
627 1447 709 1512 haec
720 1457 855 1531 natura,
868 1451 1059 1532 subestquea

133 1545 207 1608 Nec
221 1543 326 1631 magis
337 1531 496 1612 harinfra
507 1551 691 1632 quidquam
701 1551 794 1630 estin
803 1573 944 1638 corpore
953 1567 1083 1636 nostro3

133 1646 245 1727 Atque
258 1646 370 1713 anima
379 1659 426 1716 est
439 1650 570 1718 animae
582 1675 747 1738 proporro
764 1657 862 1722 totius
872 1658 964 1741 ipsa:

133 1753 238 1838 Quod
246 1774 352 1839 geum
362 1754 399 1818 in
410 1755 527 1822 nostris
541 1761 700 1824 membris
718 1773 750 1830 et
767 1781 906 1846 corpore
922 1771 992 1826 toto

131 1860 239 1926 Mixta
255 1865 360 1930 latens
374 1860 479 1930 animi
490 1867 541 1932 vis
557 1879 604 1934 est
619 1843 816 1950 animaeque
832 1876 990 1950 potatam

133 1966 342 2050 Corporibus
357 1967 435 2048 quia
452 1969 495 2030 de
512 1969 623 2052 parvis
635 1969 814 2055 paucisque
824 1979 933 2034 ereata
944 1977 1003 2063 est.

134 2071 188 2136 Sic
200 2072 264 2136 tibi
279 2074 426 2138 nominis
444 2075 526 2140 haer
539 2096 656 2160 expers
667 2074 737 2157 vis,
753 2075 840 2160 iacta
854 2075 991 2141 minutis
1040 2080 1100 2142 ado

137 2178 360 2262 Corporibus,
375 2181 471 2258 iatet3
491 2190 590 2262 atque
603 2181 733 2244 animae
751 2180 846 2262 quasi
859 2180 956 2246 totius
965 2182 1039 2266 ipsa

132 2288 301 2369 Proporro
313 2296 361 2350 est
373 2285 501 2367 anirna,
518 2295 550 2350 et
564 2266 753 2351 dominatur
766 2307 907 2370 corpore
923 2298 1002 2352 toto.

132 2389 310 2456 Consimili
323 2390 449 2454 ratione
466 2403 595 2470 necesse
606 2401 672 2474 est,
684 2401 802 2456 ventus
813 2401 846 2454 et
863 2397 921 2462 aer

130 2499 172 2562 m
182 2497 411 2562 calorinterse
424 2496 557 2584 vigeant
573 2497 751 2576 commixta
760 2519 821 2582 per
831 2509 941 2578 artus3
987 2581 990 2588 Ι

131 2609 241 2688 Atque
256 2604 329 2668 aliis
341 2589 432 2668 aliud
447 2605 553 2670 subsit
566 2605 686 2693 magis,
706 2606 933 2690 eminentque3
988 2689 991 2696 y

132 2715 178 2776 Ut
190 2712 352 2796 quiddam
362 2710 435 2785 fieri
445 2713 593 2776 videatur
608 2715 652 2776 ab
664 2714 819 2778 omnibus
832 2701 958 2778 uramur

133 2819 185 2880 Ne
194 2817 298 2894 calor,
316 2836 356 2880 ar
370 2825 487 2880 ventus
500 2835 664 2897 seorsum,
677 2833 891 2895 seorsumque
900 2822 1044 2912 potestas

136 2918 245 3002 A’eria,
260 2918 452 2984 interimant
460 2937 607 2997 sensum,
623 2917 823 2996 diductaque
835 2919 974 2980 solvant.

173 3025 231 3088 far
246 3025 346 3088 etiam
361 3025 452 3088 calor
460 3022 517 3088 ille
530 3023 660 3104 animo,
674 3042 774 3112 quem
783 3022 885 3087 sumit
895 3021 1013 3106 inira²

131 3132 244 3216 Quom
257 3126 423 3222 tervescit,
436 3136 468 3190 et
476 3146 517 3192 ex
528 3126 632 3212 oculis
644 3125 744 3188 micat
753 3121 860 3186 acrius
870 3123 981 3186 ardor.

128 3235 188 3300 Eat
200 3243 231 3297 et
239 3232 360 3324 frigida
373 3231 476 3305 multa
483 3276 494 3313 ,
508 3249 617 3294 comes
630 3227 833 3310 formidinis,
846 3247 943 3305 aura3

127 3339 226 3422 Quae
237 3335 301 3408 ciet
311 3337 483 3399 horrorem
494 3333 668 3416 membris,
683 3343 715 3399 et
728 3330 869 3396 concitat
882 3342 981 3408 artus.

127 3442 187 3504 Est
201 3437 301 3510 etiam
320 3459 453 3539 quoque
465 3438 575 3522 pacati
592 3449 693 3504 status
709 3437 794 3502 attris
810 3436 888 3520 ille,

126 3550 267 3613 Pectore
278 3547 457 3630 tranquillo
470 3545 507 3612 fit
519 3549 577 3630 qni
591 3551 749 3631 voltuque
759 3567 886 3618 sereno.
913 3630 917 3645 ³

124 3657 194 3720 Sed
206 3655 307 3720 calidi
319 3658 394 3740 plus
407 3665 454 3720 est
469 3655 550 3741 illis,
572 3658 692 3740 quibus
706 3656 795 3722 acria
816 3659 930 3742 corda,
1000 3674 1002 3679 ·

63 3747 65 3756 ’
125 3759 361 3848 Iracuudaque
375 3783 468 3830 mem
480 3751 576 3830 facile
587 3759 769 3833 effervescit
783 3764 827 3854 in
836 3763 916 3830 irar'
