3056 5126
497 451 517 510 c
694 417 1225 512 neuraun‘utrunt
1286 454 1417 499 em.

496 588 624 654 Ennius
640 587 780 658 aeternis
790 585 926 668 exponit
941 583 1087 648 versibus
1102 584 1217 662 edens,
1316 656 1320 669 ,

498 702 574 782 Quo
587 717 694 778 neque
703 704 897 777 permanent
908 693 1038 755 animae
1047 738 1056 773 ,
1065 707 1319 772 nequecorpora
1326 694 1468 767 nostra3

498 803 563 867 Sed
575 802 735 882 quaedam
748 799 924 877 simulacra
934 843 943 878 ,
954 795 1061 860 modis
1070 793 1228 880 pallentia
1236 793 1346 856 miris:

456 903 459 910 ’
498 908 610 986 Unde,
627 903 692 968 sibi
704 912 865 983 exortam,
880 923 1009 985 semper
1020 901 1164 966 florentis
1178 893 1317 964 Homeri

499 1015 743 1074 Commemorat
754 1007 897 1089 speciem
909 1005 1071 1070 lacrumas
1081 1002 1252 1070 effundere
1267 1005 1369 1068 salsas

497 1114 665 1198 Coepisse,
680 1124 712 1176 ct
722 1127 834 1200 rerum
848 1124 1000 1182 naturam
1017 1115 1202 1195 expandere
1215 1111 1319 1176 dictis·

509 1289 515 1298 ‚
540 1216 1266 1304 Quapropter,benequomsuperi'sderchus
1276 1215 1437 1282 habenda

497 1325 601 1389 Nobis
615 1332 663 1392 cst
675 1321 782 1402 ratio,
796 1322 875 1386 solis
888 1324 1052 1402 lunaeque
1066 1329 1193 1384 meatus

500 1433 576 1515 Qua
588 1428 669 1492 fiant
684 1429 830 1507 ratione,
847 1438 879 1489 et
897 1445 962 1509 qua
977 1425 1011 1487 vi
1028 1445 1179 1508 quaeque
1192 1432 1350 1512 gerantur

454 1577 456 1582 ·
498 1537 542 1598 In
559 1533 670 1610 terris3
691 1542 761 1595 tum
778 1553 853 1596 cum
870 1528 1002 1614 primis,
1020 1527 1147 1594 ratione
1161 1529 1286 1616 sagaci,

500 1639 598 1700 Unde
612 1635 722 1699 anima
736 1644 833 1715 atque
843 1633 949 1699 animi
961 1641 1085 1696 constet
1095 1643 1228 1714 natura,
1244 1631 1451 1709 videndum

500 1743 542 1804 Et
556 1762 642 1823 quae
654 1764 723 1824 res,
735 1741 830 1809 nohis
843 1739 1056 1826 vigilantibus
1070 1739 1181 1821 obvia,
1200 1737 1339 1804 menteis

501 1845 688 1929 Terrificet,
704 1850 821 1922 morbo
833 1843 971 1928 affectis,
987 1866 1171 1934 somnoque
1188 1843 1340 1927 sepultis3

421 2005 424 2012 .
502 1953 645 2020 Cernere
659 1957 707 2020 uti
724 1959 897 2022 videamur
912 1977 985 2037 eos,
1005 1957 1187 2038 audireque
1204 1974 1329 2035 coram,
1362 2000 1365 2010 Α

434 2131 435 2136 1
501 2065 610 2125 Morte
623 2061 713 2124 obita
729 2083 871 2143 quorum
889 2036 990 2124 tellus
997 2059 1205 2144 amplectitur
1223 2077 1305 2123 ossa.
1406 2062 1465 2120 136

543 2169 611 2230 Nec
622 2186 676 2228 me
685 2165 789 2230 animi
803 2165 904 2246 fallit,
921 2160 1098 2230 Graiorum
1114 2169 1253 2234 obscura
1271 2171 1404 2247 reperta

475 2279 476 2282 ’
502 2263 646 2330 Difficile
663 2265 838 2349 inlustrare
855 2250 979 2332 Latinis
995 2268 1142 2331 versibus
1159 2288 1243 2340 csse3

472 2459 477 2465 .
504 2375 611 2439 Multa
624 2371 720 2436 novis
731 2370 841 2436 verbis
850 2374 1042 2455 praesertim
1060 2393 1161 2478 quom
1174 2371 1216 2436 sit
1233 2371 1423 2458 agundum,

504 2485 644 2564 Propter
654 2490 828 2566 egestatem
839 2479 984 2566 liuguae,
997 2491 1030 2542 et
1043 2499 1154 2541 rerum
1174 2479 1372 2545 novitatem:

504 2588 570 2654 Sed
584 2595 640 2650 tua
657 2607 711 2647 me
730 2583 834 2648 virtus
851 2595 977 2666 tamen,
995 2593 1026 2646 et
1037 2594 1165 2666 sperata
1178 2585 1331 2668 voluptas

505 2689 622 2754 Suavis
633 2686 816 2769 amicitiae,
834 2687 982 2769 quemvis
997 2685 1113 2752 efferre
1125 2689 1274 2752 laborem

423 2839 427 2846 ι
448 2831 453 2836 -
504 2796 643 2874 Suadet,
656 2800 689 2855 et
701 2791 829 2854 inducit
843 2790 967 2854 nocteis
978 2788 1118 2876 vigilare
1130 2810 1278 2873 serenas,

506 2903 745 2984 Quaerentem,
768 2895 863 2962 dictis
875 2897 1012 2979 quibus,
1026 2908 1061 2960 et
1072 2919 1138 2980 quo
1148 2900 1314 2982 carmine,
1327 2903 1469 2967 demum

466 3087 468 3094 ἲ
507 3009 604 3071 Clara
623 3017 698 3070 tuae
714 3007 837 3091 possim
853 3008 1079 3092 praepandere
1097 3007 1226 3070 lumina
1235 3005 1357 3089 menti,

505 3119 572 3182 Res
585 3115 703 3198 quibus
716 3118 859 3181 occultas
875 3115 1007 3200 penitus
1020 3115 1189 3179 convisere
1201 3114 1315 3197 possis.

436 3211 438 3216 ¹
546 3223 752 3311 Huncigitur
764 3233 922 3286 terrorem
932 3223 1038 3286 animi
1050 3224 1266 3302 tenebrasque
1274 3235 1466 3290 necesseesr
1513 3273 1514 3310 ,

507 3333 582 3392 Non
598 3328 684 3392 radii
694 3327 787 3408 solis,
802 3337 909 3408 neque
923 3327 1034 3389 lucida
1049 3325 1114 3387 tela
1129 3323 1222 3386 diei,
1295 3357 1297 3362 ·
1335 3373 1339 3380 .
1513 3319 1514 3342 ²

506 3428 705 3511 Discutiant,
726 3435 784 3496 sed
794 3441 930 3494 naturae
945 3432 1082 3514 specics,
1104 3431 1273 3514 ratioque:

508 3533 636 3621 Quoius
651 3533 853 3617 principium
868 3535 947 3598 hinc
969 3533 1063 3598 nobis
1076 3535 1211 3624 exmia
1224 3545 1346 3618 sumet,

500 3645 724 3709 ‘Nullam‘rem
741 3665 759 3706 e
773 3639 880 3706 nihilo
898 3641 990 3731 gigni
1006 3641 1163 3707 divinitus
1177 3621 1336 3726 uuquam.

395 3841 398 3850 Ι
510 3749 642 3838 Quippe
656 3748 702 3812 ita
714 3751 857 3816 formido
869 3753 1035 3826 mortaleis
1048 3755 1193 3818 continet
1207 3750 1354 3831 omneis,

511 3857 611 3944 Quod
624 3858 727 3920 multa
742 3855 778 3920 in
798 3858 899 3926 terris
908 3857 982 3924 fieri
998 3865 1156 3944 coeloque
1171 3871 1319 3945 tuentur,
1327 3841 1337 3869 f
