2906 5152
169 397 171 402 ·
268 367 471 430 LIBER
510 367 578 434 1v.
616 368 742 431 ulia.
922 387 978 458 ¹47

62 513 150 576 llaec
164 503 413 597 igitur'possunt
428 509 544 575 utendi
556 510 690 599 cognita
703 529 817 577 causa*

29 607 177 699 Credier,
190 639 231 682 ex
246 641 306 682 usu
321 628 495 701 quaesunt
510 618 644 717 sitaque
663 631 806 705 reperta.

28 722 82 786 Illa
96 723 230 804 quidem
245 735 479 790 seorsumsunt
492 726 622 809 omnia,
635 746 721 807 qnae
736 727 829 810 prius
843 724 917 811 ipss
981 739 985 748 '

29 829 117 910 Nata,
128 829 250 892 dedere
263 835 342 893 suat
348 826 429 950 post
439 829 592 894 notitiam
605 828 768 894 utilitatis.

29 931 95 1018 Quo
108 952 231 1019 genere
244 931 280 996 in
293 934 410 1016 primis
422 953 538 998 sensus
552 943 583 996 ct
594 936 744 998 membra
760 931 960 1000 videmus·
983 968 987 986 ·

30 1040 130 1122 Quare
139 1038 242 1102 etiarn
253 1048 353 1119 atque
359 1039 461 1103 etiam
467 1041 585 1123 procul
594 1048 656 1122 ast,
668 1049 705 1102 ut
717 1040 982 1126 oederepossis,
1080 1091 1095 1114 .

29 1142 176 1208 Utilitatis
191 1145 235 1207 oh
248 1140 395 1206 officium
410 1146 554 1228 potuisse
571 1144 687 1209 creari.

63 1247 169 1315 lllud'
156 1257 239 1321 stem
255 1269 324 1312 non
338 1259 386 1313 est
400 1248 591 1314 mirandum
601 1250 774 1334 oc,rporis
787 1251 859 1334 ipsa
945 1279 960 1312 ,1
981 1263 988 1318 t

31 1358 117 1440 Quod
128 1367 253 1426 natura
264 1357 375 1420 cibum
390 1355 518 1438 quaerit
530 1354 713 1436 quoiusque
723 1353 911 1420 animantis.
927 1411 929 1420 ,
967 1371 986 1411 ··,

31 1459 149 1544 Quippe
162 1445 290 1532 etenim
302 1461 405 1532 flucre
417 1468 516 1540 atque
531 1461 684 1522 recedere
697 1479 837 1541 corpora
846 1463 947 1528 rebus
1077 1531 1079 1536 ,

31 1567 136 1650 Multa,
151 1565 406 1648 modismultis,
421 1565 537 1630 docui:
551 1566 613 1630 sctl·
619 1563 770 1648 plurima
778 1567 901 1632 debent
928 1597 946 1632 ··.
980 1593 989 1632 ε

31 1673 71 1734 Ex
82 1668 300 1750 animalibui3
316 1673 398 1738 haec
412 1670 490 1752 quia
504 1680 581 1734 sunt
592 1669 737 1734 exercita
751 1681 863 1751 motu3
928 1705 932 1714 ·
948 1707 960 1720 ι·
979 1704 989 1744 2

32 1782 195 1864 Multaque
210 1799 271 1864 per
283 1781 438 1844 sudorem
453 1781 577 1844 exalto
597 1795 707 1860 pressa
716 1778 890 1858 feruntur3
955 1805 960 1842 1
980 1792 987 1803 '

32 1888 122 1950 Multa
134 1905 203 1970 per
218 1903 256 1949 os
269 1885 478 1967 exhalantur,
496 1904 598 1967 quom
611 1883 772 1970 languida
782 1883 951 1948 anhelant·
982 1904 987 1920 ·
1116 1943 1133 1960 ,,

32 1988 81 2054 llis
92 1988 197 2078 igitur
206 1989 305 2053 rebus
316 1987 450 2054 rarescit
462 2007 595 2072 corpus,
611 1998 643 2052 et
656 1987 766 2052 omns
984 2020 988 2032 ·
1024 1989 1026 1994 ’

34 2096 198 2160 Submitur
209 2105 343 2172 natura3
359 2095 457 2158 dolor
465 2113 567 2176 quam
577 2091 790 2174 consequitur
799 2109 886 2158 rem·
921 2095 981 2176 867

35 2203 198 2286 Propterea
210 2200 340 2284 capitur
353 2200 463 2282 cibus,
476 2209 514 2263 ut
531 2193 697 2284 suffulciat
714 2209 820 2281 artus,
855 2187 859 2200 ⁸

35 2306 66 2368 Et
78 2317 202 2372 recreet
218 2305 317 2370 rircis
331 2304 530 2389 interdatus‚
549 2315 649 2386 atque
662 2314 829 2388 patentem

35 2415 244 2480 Permemlua
255 2403 405 2480 actenus
417 2409 895 2478 utamcremobturctsdundi.

66 2524 193 2588 Humor
203 2519 433 2586 itemdiscedit
443 2519 479 2582 in
490 2519 621 2599 omnia,
636 2538 722 2598 quae
735 2520 808 2582 loca
819 2536 952 2600 cunquc

35 2629 167 2693 Poscunt
177 2629 365 2692 humorem:
378 2627 628 2712 glomerataque
644 2625 751 2688 multa
763 2625 898 2707 vaporis

36 2737 185 2821 Corpora,
201 2744 286 2816 qua'e
299 2734 469 2795 stomacho
481 2729 805 2815 praebentinoentlia
812 2739 943 2813 nostro,
961 2805 963 2810 ¹

36 2835 510 2925 Dissupatadvenicnsliquor,
529 2851 568 2896 ac
579 2832 771 2916 restinguit,
786 2833 963 2919 utignem,

37 2948 128 3013 Urere
141 2965 185 3011 ne
198 2943 300 3030 possit
316 2945 408 3008 calor
418 2937 561 3024 amplius
578 2938 690 3002 aridus
702 2947 802 3012 artus.
822 2981 824 2988 ι

37 3052 200 3142 sicigitur
216 3052 278 3116 tibi
296 3051 416 3113 anhela
429 3044 499 3111 sitis
516 3047 559 3108 tle
569 3061 708 3126 corpore
722 3049 836 3108 nostro

36 3159 199 3239 lbluitur,
210 3156 256 3222 sic
274 3157 425 3240 expletur
438 3149 550 3214 ieiuna
567 3147 700 3231 cupido.

70 3267 163 3328 Nunc
174 3254 232 3344 qui
247 3260 319 3342 fiat,
336 3257 387 3321 uti
401 3274 515 3341 passus
530 3253 678 3338 prolerre
692 3269 873 3334 queamus,

36 3373 138 3456 Quom
147 3372 316 3449 volumus,
329 3383 473 3446 varoque
487 3364 603 3425 datum
610 3361 652 3424 sit
663 3360 970 3447 memhrsmotere,

36 3477 71 3539 Et
80 3497 162 3559 quae
174 3495 227 3540 res
237 3481 364 3537 tantum
376 3472 439 3534 hoc
452 3466 561 3531 oneris
573 3467 753 3549 protudcre
764 3461 868 3528 nostri

36 3583 186 3667 Corporis
197 3579 348 3663 insuerit,
362 3577 490 3642 dicam:
507 3583 543 3636 tu
558 3572 690 3656 percipe
706 3571 803 3634 dicta.
840 3613 843 3620 -

73 3687 171 3771 Dico,
185 3685 299 3750 animo
312 3693 425 3748 nostro
438 3680 585 3766 primum
597 3675 774 3742 simulacra
784 3669 922 3738 meandi

37 3793 203 3880 Accidere,
219 3790 485 3874 alquezanimurn
497 3788 647 3874 pulsare,
660 3792 698 3858 ut
708 3781 853 3850 diximus
862 3786 951 3854 aste·
