<?xml version="1.0" encoding="UTF-8"?>
<!DOCTYPE html PUBLIC "-//W3C//DTD XHTML 1.0 Transitional//EN"
    "http://www.w3.org/TR/xhtml1/DTD/xhtml1-transitional.dtd">
<html xmlns="http://www.w3.org/1999/xhtml" xml:lang="en" lang="en">
 <head>
  <title>
</title>
<meta http-equiv="Content-Type" content="text/html;charset=utf-8" />
  <meta name='ocr-system' content='tesseract 3.04.00' />
  <meta name='ocr-capabilities' content='ocr_page ocr_carea ocr_par ocr_line ocrx_word'/>
</head>
<body>
  <div class='ocr_page' id='page_1' title='image "./dererumnaturali10carugoog_0301.png"; bbox 0 0 3134 5112; ppageno 0'>
   <div class='ocr_carea' id='block_1_1' title="bbox 451 363 1375 447">
    <p class='ocr_par' dir='ltr' id='par_1_1' title="bbox 451 363 1375 447">
     <span class='ocr_line' id='line_1_1' title="bbox 451 363 1375 447; baseline -0.008 -8"><span class='ocrx_word' id='word_1_1' title='bbox 451 377 509 439; x_wconf 64' lang='lat' dir='ltr'><strong>aba</strong></span> <span class='ocrx_word' id='word_1_2' title='bbox 647 375 713 437; x_wconf 89' lang='lat' dir='ltr'><strong>DE</strong></span> <span class='ocrx_word' id='word_1_3' title='bbox 742 363 939 434; x_wconf 86' lang='lat' dir='ltr'>RERUM</span> <span class='ocrx_word' id='word_1_4' title='bbox 968 369 1203 432; x_wconf 83' lang='lat' dir='ltr'><strong>NATURA</strong></span> <span class='ocrx_word' id='word_1_5' title='bbox 1231 391 1265 433; x_wconf 84' lang='lat' dir='ltr'><strong>v.</strong></span> <span class='ocrx_word' id='word_1_6' title='bbox 1289 387 1375 447; x_wconf 70' lang='lat'><strong>1240.</strong></span> 
     </span>
    </p>
   </div>
   <div class='ocr_carea' id='block_1_2' title="bbox 448 512 1411 1337">
    <p class='ocr_par' dir='ltr' id='par_1_2' title="bbox 448 512 1299 1128">
     <span class='ocr_line' id='line_1_2' title="bbox 449 512 1195 600; baseline -0.008 -16"><span class='ocrx_word' id='word_1_7' title='bbox 449 521 601 584; x_wconf 85' lang='lat' dir='ltr'><strong>Desertos</strong></span> <span class='ocrx_word' id='word_1_8' title='bbox 608 518 699 600; x_wconf 90' lang='lat' dir='ltr'><strong>,opis</strong></span> <span class='ocrx_word' id='word_1_9' title='bbox 714 514 891 599; x_wconf 87' lang='lat' dir='ltr'><strong>experteis,</strong></span> <span class='ocrx_word' id='word_1_10' title='bbox 904 512 1036 576; x_wconf 80' lang='lat' dir='ltr'><strong>Incurra</strong></span> <span class='ocrx_word' id='word_1_11' title='bbox 1047 526 1195 578; x_wconf 87' lang='lat' dir='ltr'><strong>mactans</strong></span> 
     </span>
     <span class='ocr_line' id='line_1_3' title="bbox 449 623 1255 712; baseline -0.005 -22"><span class='ocrx_word' id='word_1_12' title='bbox 449 629 628 712; x_wconf 88' lang='lat' dir='ltr'><strong>Lanigeras</strong></span> <span class='ocrx_word' id='word_1_13' title='bbox 643 637 800 706; x_wconf 80' lang='lat' dir='ltr'><strong>tanquam</strong></span> <span class='ocrx_word' id='word_1_14' title='bbox 810 623 1000 707; x_wconf 87' lang='lat' dir='ltr'><strong>pecudes,</strong></span> <span class='ocrx_word' id='word_1_15' title='bbox 980 631 1013 684; x_wconf 89' lang='lat' dir='ltr'><strong>et</strong></span> <span class='ocrx_word' id='word_1_16' title='bbox 1026 625 1147 685; x_wconf 86' lang='lat' dir='ltr'><strong>bucera</strong></span> <span class='ocrx_word' id='word_1_17' title='bbox 1157 624 1255 686; x_wconf 84' lang='lat' dir='ltr'><strong>secla.</strong></span> 
     </span>
     <span class='ocr_line' id='line_1_4' title="bbox 451 703 1268 814; baseline -0.001 -24"><span class='ocrx_word' id='word_1_18' title='bbox 451 729 517 814; x_wconf 77' lang='lat' dir='ltr'><strong>Qui</strong></span> <span class='ocrx_word' id='word_1_19' title='bbox 528 729 658 790; x_wconf 87' lang='lat' dir='ltr'><strong>fuerant</strong></span> <span class='ocrx_word' id='word_1_20' title='bbox 668 737 778 790; x_wconf 83' lang='lat' dir='ltr'><strong>autern</strong></span> <span class='ocrx_word' id='word_1_21' title='bbox 791 734 936 810; x_wconf 80' lang='lat' dir='ltr'><strong>praesto,</strong></span> <span class='ocrx_word' id='word_1_22' title='bbox 950 703 1143 812; x_wconf 85' lang='lat' dir='ltr'>contagibus</span> <span class='ocrx_word' id='word_1_23' title='bbox 1156 725 1268 808; x_wconf 81' lang='lat' dir='ltr'>ibant,</span> 
     </span>
     <span class='ocr_line' id='line_1_5' title="bbox 449 831 1296 916; baseline -0.004 -21"><span class='ocrx_word' id='word_1_24' title='bbox 449 836 555 913; x_wconf 86' lang='lat' dir='ltr'><strong>Atque</strong></span> <span class='ocrx_word' id='word_1_25' title='bbox 568 835 699 912; x_wconf 86' lang='lat' dir='ltr'><strong>labore,</strong></span> <span class='ocrx_word' id='word_1_26' title='bbox 714 833 823 913; x_wconf 92' lang='lat' dir='ltr'><strong>pudor</strong></span> <span class='ocrx_word' id='word_1_27' title='bbox 836 850 936 911; x_wconf 89' lang='lat' dir='ltr'><strong>quem</strong></span> <span class='ocrx_word' id='word_1_28' title='bbox 953 838 1025 891; x_wconf 86' lang='lat' dir='ltr'><strong>tum</strong></span> <span class='ocrx_word' id='word_1_29' title='bbox 1039 833 1176 916; x_wconf 84' lang='lat' dir='ltr'><strong>cogebat</strong></span> <span class='ocrx_word' id='word_1_30' title='bbox 1187 831 1296 912; x_wconf 86' lang='lat' dir='ltr'><strong>obire,</strong></span> 
     </span>
     <span class='ocr_line' id='line_1_6' title="bbox 448 936 1299 1019; baseline -0.001 -18"><span class='ocrx_word' id='word_1_31' title='bbox 448 940 811 1018; x_wconf 88' lang='lat' dir='ltr'><strong>Blandaquelassorum</strong></span> <span class='ocrx_word' id='word_1_32' title='bbox 822 956 903 1018; x_wconf 86' lang='lat' dir='ltr'><strong>vox,</strong></span> <span class='ocrx_word' id='word_1_33' title='bbox 922 936 1026 998; x_wconf 84' lang='lat' dir='ltr'><strong>mixta</strong></span> <span class='ocrx_word' id='word_1_34' title='bbox 1042 957 1126 999; x_wconf 81' lang='lat' dir='ltr'><strong>voce</strong></span> <span class='ocrx_word' id='word_1_35' title='bbox 1135 939 1299 1019; x_wconf 87' lang='lat' dir='ltr'><strong>querelae.</strong></span> 
     </span>
     <span class='ocr_line' id='line_1_7' title="bbox 450 1037 1273 1128; baseline -0.004 -23"><span class='ocrx_word' id='word_1_36' title='bbox 450 1045 615 1126; x_wconf 88' lang='lat' dir='ltr'><strong>Optumus</strong></span> <span class='ocrx_word' id='word_1_37' title='bbox 625 1044 688 1106; x_wconf 94' lang='lat' dir='ltr'><strong>hoc</strong></span> <span class='ocrx_word' id='word_1_38' title='bbox 698 1040 757 1104; x_wconf 89' lang='lat' dir='ltr'><strong>leti</strong></span> <span class='ocrx_word' id='word_1_39' title='bbox 769 1061 875 1127; x_wconf 83' lang='lat' dir='ltr'><strong>genus</strong></span> <span class='ocrx_word' id='word_1_40' title='bbox 890 1061 970 1128; x_wconf 87' lang='lat' dir='ltr'><strong>ergo</strong></span> <span class='ocrx_word' id='word_1_41' title='bbox 983 1037 1121 1120; x_wconf 89' lang='lat' dir='ltr'><strong>quisque</strong></span> <span class='ocrx_word' id='word_1_42' title='bbox 1130 1041 1273 1102; x_wconf 80' lang='lat' dir='ltr'>subibat.</span> 
     </span>
    </p>

    <p class='ocr_par' dir='ltr' id='par_1_3' title="bbox 449 1147 1411 1333">
     <span class='ocr_line' id='line_1_8' title="bbox 489 1147 1411 1252; baseline -0.003 -39"><span class='ocrx_word' id='word_1_43' title='bbox 489 1154 594 1233; x_wconf 84' lang='lat' dir='ltr'>Inque</span> <span class='ocrx_word' id='word_1_44' title='bbox 606 1151 680 1215; x_wconf 89' lang='lat' dir='ltr'><strong>aliis</strong></span> <span class='ocrx_word' id='word_1_45' title='bbox 690 1152 810 1233; x_wconf 87' lang='lat' dir='ltr'><strong>alium,</strong></span> <span class='ocrx_word' id='word_1_46' title='bbox 825 1151 991 1252; x_wconf 83' lang='lat' dir='ltr'><strong>populum</strong></span> <span class='ocrx_word' id='word_1_47' title='bbox 1005 1147 1145 1230; x_wconf 86' lang='lat' dir='ltr'><strong>sepelire</strong></span> <span class='ocrx_word' id='word_1_48' title='bbox 1155 1167 1295 1211; x_wconf 89' lang='lat' dir='ltr'><strong>suorum</strong></span> <span class='ocrx_word' id='word_1_49' title='bbox 1409 1162 1411 1171; x_wconf 91' lang='lat'>&#39;</span> 
     </span>
     <span class='ocr_line' id='line_1_9' title="bbox 449 1241 1237 1337; baseline -0.003 -21"><span class='ocrx_word' id='word_1_50' title='bbox 449 1258 635 1337; x_wconf 87' lang='lat' dir='ltr'><strong>Certantes,</strong></span> <span class='ocrx_word' id='word_1_51' title='bbox 646 1255 802 1319; x_wconf 86' lang='lat' dir='ltr'><strong>lacrumis</strong></span> <span class='ocrx_word' id='word_1_52' title='bbox 816 1241 893 1318; x_wconf 79' lang='lat' dir='ltr'><strong>lassi</strong></span> <span class='ocrx_word' id='word_1_53' title='bbox 904 1257 1062 1333; x_wconf 84' lang='lat' dir='ltr'><strong>luctuque</strong></span> <span class='ocrx_word' id='word_1_54' title='bbox 1073 1253 1237 1318; x_wconf 86' lang='lat' dir='ltr'><strong>redibant.</strong></span> 
     </span>
    </p>
   </div>
   <div class='ocr_carea' id='block_1_3' title="bbox 351 1344 1349 1440">
    <p class='ocr_par' dir='ltr' id='par_1_4' title="bbox 351 1344 1349 1440">
     <span class='ocr_line' id='line_1_10' title="bbox 351 1344 1349 1440; baseline -0.002 -20"><span class='ocrx_word' id='word_1_55' title='bbox 351 1425 354 1432; x_wconf 61' lang='grc'><em>,</em></span> <span class='ocrx_word' id='word_1_56' title='bbox 443 1360 532 1421; x_wconf 68' lang='lat' dir='ltr'><strong>‘Inde</strong></span> <span class='ocrx_word' id='word_1_57' title='bbox 543 1361 667 1421; x_wconf 88' lang='lat' dir='ltr'><strong>bonam</strong></span> <span class='ocrx_word' id='word_1_58' title='bbox 676 1358 850 1454; x_wconf 79' lang='lat' dir='ltr'><strong>partemin</strong></span> <span class='ocrx_word' id='word_1_59' title='bbox 867 1360 989 1421; x_wconf 88' lang='lat' dir='ltr'><strong>lectum</strong></span> <span class='ocrx_word' id='word_1_60' title='bbox 1001 1377 1160 1420; x_wconf 84' lang='lat' dir='ltr'><strong>maerore</strong></span> <span class='ocrx_word' id='word_1_61' title='bbox 1156 1344 1349 1420; x_wconf 77' lang='lat' dir='ltr'><strong>dabantur.</strong></span> 
     </span>
    </p>
   </div>
   <div class='ocr_carea' id='block_1_4' title="bbox 398 1449 1411 2822">
    <p class='ocr_par' dir='ltr' id='par_1_5' title="bbox 398 1449 1411 2822">
     <span class='ocr_line' id='line_1_11' title="bbox 448 1449 1411 1548; baseline -0.003 -22"><span class='ocrx_word' id='word_1_62' title='bbox 448 1467 515 1528; x_wconf 89' lang='lat' dir='ltr'><strong>Nec</strong></span> <span class='ocrx_word' id='word_1_63' title='bbox 525 1474 653 1548; x_wconf 89' lang='lat' dir='ltr'><strong>poterat</strong></span> <span class='ocrx_word' id='word_1_64' title='bbox 664 1449 838 1545; x_wconf 88' lang='lat' dir='ltr'><strong>quisquam</strong></span> <span class='ocrx_word' id='word_1_65' title='bbox 856 1465 1013 1548; x_wconf 84' lang='lat' dir='ltr'><strong>reperiri,</strong></span> <span class='ocrx_word' id='word_1_66' title='bbox 1025 1487 1123 1546; x_wconf 90' lang='lat' dir='ltr'><strong>quem</strong></span> <span class='ocrx_word' id='word_1_67' title='bbox 1136 1485 1245 1545; x_wconf 86' lang='lat' dir='ltr'><strong>neque</strong></span> <span class='ocrx_word' id='word_1_68' title='bbox 1262 1463 1411 1542; x_wconf 88' lang='lat' dir='ltr'><strong>morbus,</strong></span> 
     </span>
     <span class='ocr_line' id='line_1_12' title="bbox 449 1572 1232 1657; baseline 0 -23"><span class='ocrx_word' id='word_1_69' title='bbox 449 1576 517 1636; x_wconf 89' lang='lat' dir='ltr'><strong>Nec</strong></span> <span class='ocrx_word' id='word_1_70' title='bbox 530 1594 635 1654; x_wconf 89' lang='lat' dir='ltr'><strong>mors,</strong></span> <span class='ocrx_word' id='word_1_71' title='bbox 645 1595 706 1637; x_wconf 85' lang='lat' dir='ltr'><strong>nec</strong></span> <span class='ocrx_word' id='word_1_72' title='bbox 717 1575 839 1656; x_wconf 83' lang='lat' dir='ltr'><strong>luctus,</strong></span> <span class='ocrx_word' id='word_1_73' title='bbox 850 1583 989 1636; x_wconf 83' lang='lat' dir='ltr'><strong>tentaret</strong></span> <span class='ocrx_word' id='word_1_74' title='bbox 1004 1572 1232 1657; x_wconf 87' lang='lat' dir='ltr'><strong>temporetali.</strong></span> 
     </span>
     <span class='ocr_line' id='line_1_13' title="bbox 492 1677 1318 1761; baseline 0.004 -22"><span class='ocrx_word' id='word_1_75' title='bbox 492 1681 678 1758; x_wconf 88' lang='lat' dir='ltr'><strong>Praeterea,</strong></span> <span class='ocrx_word' id='word_1_76' title='bbox 691 1678 758 1739; x_wconf 89' lang='lat' dir='ltr'><strong>iam</strong></span> <span class='ocrx_word' id='word_1_77' title='bbox 768 1687 896 1759; x_wconf 89' lang='lat' dir='ltr'><strong>pastor,</strong></span> <span class='ocrx_word' id='word_1_78' title='bbox 913 1687 943 1742; x_wconf 85' lang='lat' dir='ltr'><strong>et</strong></span> <span class='ocrx_word' id='word_1_79' title='bbox 958 1677 1175 1742; x_wconf 82' lang='lat' dir='ltr'><strong>armentarius</strong></span> <span class='ocrx_word' id='word_1_80' title='bbox 1189 1677 1318 1761; x_wconf 85' lang='lat' dir='ltr'><strong>omnis,</strong></span> 
     </span>
     <span class='ocr_line' id='line_1_14' title="bbox 449 1787 1193 1872; baseline 0.005 -24"><span class='ocrx_word' id='word_1_81' title='bbox 449 1789 491 1849; x_wconf 89' lang='lat' dir='ltr'><strong>Et&#39;</strong></span> <span class='ocrx_word' id='word_1_82' title='bbox 505 1789 657 1850; x_wconf 90' lang='lat' dir='ltr'><strong>robustus</strong></span> <span class='ocrx_word' id='word_1_83' title='bbox 670 1787 751 1849; x_wconf 90' lang='lat' dir='ltr'><strong>item</strong></span> <span class='ocrx_word' id='word_1_84' title='bbox 765 1788 858 1850; x_wconf 88' lang='lat' dir='ltr'><strong>curvi</strong></span> <span class='ocrx_word' id='word_1_85' title='bbox 869 1789 1057 1851; x_wconf 88' lang='lat' dir='ltr'><strong>moderator</strong></span> <span class='ocrx_word' id='word_1_86' title='bbox 1074 1789 1193 1872; x_wconf 81' lang='lat' dir='ltr'><strong>aratri,</strong></span> 
     </span>
     <span class='ocr_line' id='line_1_15' title="bbox 449 1887 1294 1976; baseline 0.005 -24"><span class='ocrx_word' id='word_1_87' title='bbox 449 1893 657 1976; x_wconf 79' lang='lat' dir='ltr'><strong>Languebat3</strong></span> <span class='ocrx_word' id='word_1_88' title='bbox 672 1887 956 1974; x_wconf 82' lang='lat' dir='ltr'><strong>penitusque&#39;casa</strong></span> <span class='ocrx_word' id='word_1_89' title='bbox 975 1904 1127 1956; x_wconf 86' lang='lat' dir='ltr'><strong>contrusa</strong></span> <span class='ocrx_word' id='word_1_90' title='bbox 1140 1893 1294 1958; x_wconf 87' lang='lat' dir='ltr'><strong>iacebant</strong></span> 
     </span>
     <span class='ocr_line' id='line_1_16' title="bbox 451 1999 1246 2083; baseline 0.001 -23"><span class='ocrx_word' id='word_1_91' title='bbox 451 2001 617 2081; x_wconf 83' lang='lat' dir='ltr'><strong>Corpora,</strong></span> <span class='ocrx_word' id='word_1_92' title='bbox 631 2009 823 2083; x_wconf 88' lang='lat' dir='ltr'><strong>paupertate</strong></span> <span class='ocrx_word' id='word_1_93' title='bbox 838 2013 869 2065; x_wconf 85' lang='lat' dir='ltr'><strong>et</strong></span> <span class='ocrx_word' id='word_1_94' title='bbox 881 2004 999 2064; x_wconf 90' lang='lat' dir='ltr'><strong>morbo</strong></span> <span class='ocrx_word' id='word_1_95' title='bbox 1010 2001 1121 2064; x_wconf 87' lang='lat' dir='ltr'><strong>dedita</strong></span> <span class='ocrx_word' id='word_1_96' title='bbox 1134 1999 1246 2062; x_wconf 88' lang='lat' dir='ltr'><strong>morti.</strong></span> 
     </span>
     <span class='ocr_line' id='line_1_17' title="bbox 450 2103 1411 2191; baseline 0.001 -26"><span class='ocrx_word' id='word_1_97' title='bbox 450 2106 620 2169; x_wconf 84' lang='lat' dir='ltr'><strong>Exanimis</strong></span> <span class='ocrx_word' id='word_1_98' title='bbox 630 2106 743 2189; x_wconf 83' lang='lat' dir='ltr'><strong>pueris</strong></span> <span class='ocrx_word' id='word_1_99' title='bbox 752 2107 1048 2191; x_wconf 81' lang='lat' dir='ltr'><strong>supercxanimata</strong></span> <span class='ocrx_word' id='word_1_100' title='bbox 1062 2114 1239 2190; x_wconf 87' lang='lat' dir='ltr'><strong>parentum</strong></span> <span class='ocrx_word' id='word_1_101' title='bbox 1342 2103 1411 2166; x_wconf 79' lang='lat'>1255</span> 
     </span>
     <span class='ocr_line' id='line_1_18' title="bbox 451 2210 1263 2298; baseline 0.002 -28"><span class='ocrx_word' id='word_1_102' title='bbox 451 2211 599 2292; x_wconf 88' lang='lat' dir='ltr'><strong>Corpora</strong></span> <span class='ocrx_word' id='word_1_103' title='bbox 610 2232 851 2293; x_wconf 88' lang='lat' dir='ltr'><strong>nonnunquam</strong></span> <span class='ocrx_word' id='word_1_104' title='bbox 862 2231 972 2298; x_wconf 88' lang='lat' dir='ltr'><strong>posses</strong></span> <span class='ocrx_word' id='word_1_105' title='bbox 985 2221 1139 2292; x_wconf 87' lang='lat' dir='ltr'><strong>retroque</strong></span> <span class='ocrx_word' id='word_1_106' title='bbox 1150 2210 1263 2272; x_wconf 88' lang='lat' dir='ltr'><strong>videre</strong></span> 
     </span>
     <span class='ocr_line' id='line_1_19' title="bbox 450 2309 1274 2401; baseline -0.001 -24"><span class='ocrx_word' id='word_1_107' title='bbox 450 2316 617 2380; x_wconf 84' lang='lat' dir='ltr'><strong>Matrihus‘</strong></span> <span class='ocrx_word' id='word_1_108' title='bbox 625 2328 657 2380; x_wconf 89' lang='lat' dir='ltr'><strong>et</strong></span> <span class='ocrx_word' id='word_1_109' title='bbox 668 2309 818 2401; x_wconf 80' lang='lat' dir='ltr'><strong>patribus</strong></span> <span class='ocrx_word' id='word_1_110' title='bbox 829 2329 923 2381; x_wconf 89' lang='lat' dir='ltr'><strong>natos</strong></span> <span class='ocrx_word' id='word_1_111' title='bbox 936 2337 1037 2400; x_wconf 89' lang='lat' dir='ltr'><strong>super</strong></span> <span class='ocrx_word' id='word_1_112' title='bbox 1048 2318 1146 2379; x_wconf 87' lang='lat' dir='ltr'><strong>edere</strong></span> <span class='ocrx_word' id='word_1_113' title='bbox 1160 2314 1274 2378; x_wconf 84' lang='lat' dir='ltr'><strong>vitam.</strong></span> 
     </span>
     <span class='ocr_line' id='line_1_20' title="bbox 490 2421 1399 2515; baseline 0 -33"><span class='ocrx_word' id='word_1_114' title='bbox 490 2425 558 2485; x_wconf 88' lang='lat' dir='ltr'><strong>Nec</strong></span> <span class='ocrx_word' id='word_1_115' title='bbox 573 2421 756 2484; x_wconf 90' lang='lat' dir='ltr'><strong>minumam</strong></span> <span class='ocrx_word' id='word_1_116' title='bbox 770 2432 897 2504; x_wconf 87' lang='lat' dir='ltr'><strong>partem</strong></span> <span class='ocrx_word' id='word_1_117' title='bbox 912 2444 952 2515; x_wconf 76' lang='lat' dir='ltr'><strong>ex</strong></span> <span class='ocrx_word' id='word_1_118' title='bbox 963 2421 1049 2510; x_wconf 86' lang='lat' dir='ltr'><strong>agris</strong></span> <span class='ocrx_word' id='word_1_119' title='bbox 1061 2441 1191 2486; x_wconf 86' lang='lat' dir='ltr'><strong>maeros</strong></span> <span class='ocrx_word' id='word_1_120' title='bbox 1203 2421 1231 2482; x_wconf 93' lang='lat' dir='ltr'><strong>is</strong></span> <span class='ocrx_word' id='word_1_121' title='bbox 1242 2421 1279 2482; x_wconf 93' lang='lat' dir='ltr'><strong>in</strong></span> <span class='ocrx_word' id='word_1_122' title='bbox 1289 2423 1399 2484; x_wconf 87' lang='lat' dir='ltr'><strong>urbem</strong></span> 
     </span>
     <span class='ocr_line' id='line_1_21' title="bbox 398 2527 1318 2616; baseline 0.001 -27"><span class='ocrx_word' id='word_1_123' title='bbox 398 2609 400 2613; x_wconf 10' lang='grc' dir='ltr'><em>Α</em></span> <span class='ocrx_word' id='word_1_124' title='bbox 451 2527 636 2608; x_wconf 81' lang='lat' dir='ltr'><strong>Confluxit,</strong></span> <span class='ocrx_word' id='word_1_125' title='bbox 648 2529 809 2612; x_wconf 84' lang='lat' dir='ltr'><strong>languens</strong></span> <span class='ocrx_word' id='word_1_126' title='bbox 821 2549 920 2608; x_wconf 90' lang='lat' dir='ltr'><strong>quem</strong></span> <span class='ocrx_word' id='word_1_127' title='bbox 935 2529 1076 2592; x_wconf 88' lang='lat' dir='ltr'><strong>contulit</strong></span> <span class='ocrx_word' id='word_1_128' title='bbox 1094 2528 1318 2616; x_wconf 86' lang='lat' dir='ltr'><strong>agricolarum</strong></span> 
     </span>
     <span class='ocr_line' id='line_1_22' title="bbox 452 2628 1234 2717; baseline 0.012 -29"><span class='ocrx_word' id='word_1_129' title='bbox 452 2628 571 2710; x_wconf 88' lang='lat' dir='ltr'><strong>Copia,</strong></span> <span class='ocrx_word' id='word_1_130' title='bbox 592 2631 791 2695; x_wconf 84' lang='lat' dir='ltr'><strong>conveniens</strong></span> <span class='ocrx_word' id='word_1_131' title='bbox 808 2653 849 2695; x_wconf 86' lang='lat' dir='ltr'><strong>ex</strong></span> <span class='ocrx_word' id='word_1_132' title='bbox 863 2634 956 2695; x_wconf 89' lang='lat' dir='ltr'><strong>omni</strong></span> <span class='ocrx_word' id='word_1_133' title='bbox 970 2633 1121 2700; x_wconf 87' lang='lat' dir='ltr'><strong>morbida</strong></span> <span class='ocrx_word' id='word_1_134' title='bbox 1131 2644 1234 2717; x_wconf 85' lang='lat' dir='ltr'><strong>parte.</strong></span> 
     </span>
     <span class='ocr_line' id='line_1_23' title="bbox 453 2721 1346 2822; baseline 0.008 -28"><span class='ocrx_word' id='word_1_135' title='bbox 453 2733 576 2796; x_wconf 86' lang='lat' dir='ltr'><strong>Omnia</strong></span> <span class='ocrx_word' id='word_1_136' title='bbox 589 2737 774 2799; x_wconf 89' lang='lat' dir='ltr'><strong>condebant</strong></span> <span class='ocrx_word' id='word_1_137' title='bbox 784 2738 857 2800; x_wconf 89' lang='lat' dir='ltr'><strong>loca</strong></span> <span class='ocrx_word' id='word_1_138' title='bbox 870 2746 1036 2816; x_wconf 86' lang='lat' dir='ltr'><strong>tectaque:</strong></span> <span class='ocrx_word' id='word_1_139' title='bbox 1053 2721 1239 2822; x_wconf 70' lang='lat' dir='ltr'><strong>quo&#39;magis</strong></span> <span class='ocrx_word' id='word_1_140' title='bbox 1254 2745 1346 2801; x_wconf 87' lang='lat' dir='ltr'><strong>aestu</strong></span> 
     </span>
    </p>
   </div>
   <div class='ocr_carea' id='block_1_5' title="bbox 341 2843 1240 2920">
    <p class='ocr_par' dir='ltr' id='par_1_6' title="bbox 341 2843 1240 2920">
     <span class='ocr_line' id='line_1_24' title="bbox 341 2843 1240 2920; baseline 0.002 -15"><span class='ocrx_word' id='word_1_141' title='bbox 341 2865 342 2868; x_wconf 45' lang='lat'>¹</span> <span class='ocrx_word' id='word_1_142' title='bbox 410 2916 412 2920; x_wconf 21' lang='lat'><strong><em>¹</em></strong></span> <span class='ocrx_word' id='word_1_143' title='bbox 451 2845 623 2907; x_wconf 85' lang='lat' dir='ltr'><strong>Confertos</strong></span> <span class='ocrx_word' id='word_1_144' title='bbox 632 2845 695 2907; x_wconf 89' lang='lat' dir='ltr'><strong>situ</strong></span> <span class='ocrx_word' id='word_1_145' title='bbox 708 2843 887 2908; x_wconf 87' lang='lat' dir='ltr'><strong>acervatim</strong></span> <span class='ocrx_word' id='word_1_146' title='bbox 898 2848 989 2907; x_wconf 90' lang='lat' dir='ltr'><strong>Mors</strong></span> <span class='ocrx_word' id='word_1_147' title='bbox 999 2845 1240 2907; x_wconf 82' lang='lat' dir='ltr'><strong>accumulabat.</strong></span> 
     </span>
    </p>
   </div>
   <div class='ocr_carea' id='block_1_6' title="bbox 435 2953 1392 3882">
    <p class='ocr_par' dir='ltr' id='par_1_7' title="bbox 435 2953 1392 3776">
     <span class='ocr_line' id='line_1_25' title="bbox 491 2953 1320 3039; baseline 0.001 -23"><span class='ocrx_word' id='word_1_148' title='bbox 491 2955 598 3016; x_wconf 87' lang='lat' dir='ltr'><strong>Multa</strong></span> <span class='ocrx_word' id='word_1_149' title='bbox 609 2953 665 3016; x_wconf 89' lang='lat' dir='ltr'><strong>siti</strong></span> <span class='ocrx_word' id='word_1_150' title='bbox 677 2955 840 3036; x_wconf 87' lang='lat' dir='ltr'><strong>prostrata</strong></span> <span class='ocrx_word' id='word_1_151' title='bbox 852 2953 940 3016; x_wconf 90' lang='lat' dir='ltr'><strong>viam</strong></span> <span class='ocrx_word' id='word_1_152' title='bbox 951 2965 1029 3036; x_wconf 71' lang='lat' dir='ltr'><strong>per,</strong></span> <span class='ocrx_word' id='word_1_153' title='bbox 1047 2963 1174 3037; x_wconf 89' lang='lat' dir='ltr'><strong>proque</strong></span> <span class='ocrx_word' id='word_1_154' title='bbox 1186 2956 1320 3039; x_wconf 83' lang='lat' dir='ltr'><strong>voluta,</strong></span> 
     </span>
     <span class='ocr_line' id='line_1_26' title="bbox 451 3063 1289 3149; baseline 0.005 -24"><span class='ocrx_word' id='word_1_155' title='bbox 451 3065 617 3145; x_wconf 83' lang='lat' dir='ltr'><strong>Corpora,</strong></span> <span class='ocrx_word' id='word_1_156' title='bbox 627 3063 750 3128; x_wconf 87' lang='lat' dir='ltr'><strong>silanos</strong></span> <span class='ocrx_word' id='word_1_157' title='bbox 763 3067 806 3126; x_wconf 90' lang='lat' dir='ltr'><strong>ad</strong></span> <span class='ocrx_word' id='word_1_158' title='bbox 820 3085 980 3146; x_wconf 88' lang='lat' dir='ltr'><strong>aquarum</strong></span> <span class='ocrx_word' id='word_1_159' title='bbox 992 3074 1110 3146; x_wconf 89' lang='lat' dir='ltr'><strong>strata,</strong></span> <span class='ocrx_word' id='word_1_160' title='bbox 1122 3065 1289 3149; x_wconf 87' lang='lat' dir='ltr'><strong>iacebant,</strong></span> 
     </span>
     <span class='ocr_line' id='line_1_27' title="bbox 450 3167 1318 3253; baseline 0.008 -27"><span class='ocrx_word' id='word_1_161' title='bbox 450 3167 631 3230; x_wconf 75' lang='lat' dir='ltr'><strong>Intercluso</strong></span> <span class='ocrx_word' id='word_1_162' title='bbox 647 3169 757 3231; x_wconf 83' lang='lat' dir='ltr'><strong>anima</strong></span> <span class='ocrx_word' id='word_1_163' title='bbox 772 3169 876 3232; x_wconf 86' lang='lat' dir='ltr'><strong>nimia</strong></span> <span class='ocrx_word' id='word_1_164' title='bbox 887 3173 929 3232; x_wconf 94' lang='lat' dir='ltr'><strong>ab</strong></span> <span class='ocrx_word' id='word_1_165' title='bbox 946 3170 1122 3237; x_wconf 81' lang='lat' dir='ltr'><strong>dulcedine</strong></span> <span class='ocrx_word' id='word_1_166' title='bbox 1138 3192 1318 3253; x_wconf 88' lang='lat' dir='ltr'><strong>aquarum:</strong></span> 
     </span>
     <span class='ocr_line' id='line_1_28' title="bbox 451 3273 1355 3358; baseline 0.007 -26"><span class='ocrx_word' id='word_1_167' title='bbox 451 3273 623 3352; x_wconf 86' lang='lat' dir='ltr'><strong>Multaque</strong></span> <span class='ocrx_word' id='word_1_168' title='bbox 633 3293 693 3354; x_wconf 82' lang='lat' dir='ltr'><strong>per</strong></span> <span class='ocrx_word' id='word_1_169' title='bbox 700 3273 818 3356; x_wconf 89' lang='lat' dir='ltr'><strong>populi</strong></span> <span class='ocrx_word' id='word_1_170' title='bbox 826 3273 946 3357; x_wconf 88' lang='lat' dir='ltr'><strong>passim</strong></span> <span class='ocrx_word' id='word_1_171' title='bbox 957 3276 1030 3338; x_wconf 90' lang='lat' dir='ltr'><strong>loca</strong></span> <span class='ocrx_word' id='word_1_172' title='bbox 1042 3286 1189 3358; x_wconf 87' lang='lat' dir='ltr'><strong>promta,</strong></span> <span class='ocrx_word' id='word_1_173' title='bbox 1201 3276 1355 3358; x_wconf 84' lang='lat' dir='ltr'><strong>viasque,</strong></span> 
     </span>
     <span class='ocr_line' id='line_1_29' title="bbox 435 3372 1392 3458; baseline 0.009 -26"><span class='ocrx_word' id='word_1_174' title='bbox 435 3443 437 3447; x_wconf 18' lang='lat'>⁸</span> <span class='ocrx_word' id='word_1_175' title='bbox 450 3372 624 3458; x_wconf 81' lang='lat' dir='ltr'><strong>Languida</strong></span> <span class='ocrx_word' id='word_1_176' title='bbox 634 3373 830 3436; x_wconf 89' lang='lat' dir='ltr'><strong>semianimo</strong></span> <span class='ocrx_word' id='word_1_177' title='bbox 841 3395 916 3438; x_wconf 89' lang='lat' dir='ltr'><strong>cum</strong></span> <span class='ocrx_word' id='word_1_178' title='bbox 933 3393 1072 3458; x_wconf 88' lang='lat' dir='ltr'><strong>corpore</strong></span> <span class='ocrx_word' id='word_1_179' title='bbox 1088 3379 1239 3440; x_wconf 87' lang='lat' dir='ltr'><strong>membra</strong></span> <span class='ocrx_word' id='word_1_180' title='bbox 1251 3378 1392 3458; x_wconf 86' lang='lat' dir='ltr'><strong>videres,</strong></span> 
     </span>
     <span class='ocr_line' id='line_1_30' title="bbox 451 3471 1262 3566; baseline 0.011 -29"><span class='ocrx_word' id='word_1_181' title='bbox 451 3475 596 3539; x_wconf 87' lang='lat' dir='ltr'><strong>Horrida</strong></span> <span class='ocrx_word' id='word_1_182' title='bbox 610 3481 772 3562; x_wconf 87' lang='lat' dir='ltr'><strong>paedore,</strong></span> <span class='ocrx_word' id='word_1_183' title='bbox 787 3489 818 3542; x_wconf 86' lang='lat' dir='ltr'><strong>et</strong></span> <span class='ocrx_word' id='word_1_184' title='bbox 830 3479 952 3562; x_wconf 89' lang='lat' dir='ltr'><strong>pannis</strong></span> <span class='ocrx_word' id='word_1_185' title='bbox 967 3471 1138 3565; x_wconf 86' lang='lat' dir='ltr'><strong>cooperta,</strong></span> <span class='ocrx_word' id='word_1_186' title='bbox 1150 3482 1262 3566; x_wconf 87' lang='lat' dir='ltr'><strong>perire</strong></span> 
     </span>
     <span class='ocr_line' id='line_1_31' title="bbox 452 3581 1220 3669; baseline 0.008 -27"><span class='ocrx_word' id='word_1_187' title='bbox 452 3581 608 3664; x_wconf 87' lang='lat' dir='ltr'><strong>Corporis</strong></span> <span class='ocrx_word' id='word_1_188' title='bbox 622 3581 767 3647; x_wconf 83' lang='lat' dir='ltr'><strong>inluvie:</strong></span> <span class='ocrx_word' id='word_1_189' title='bbox 781 3583 877 3666; x_wconf 87' lang='lat' dir='ltr'><strong>pellis</strong></span> <span class='ocrx_word' id='word_1_190' title='bbox 890 3603 989 3667; x_wconf 84' lang='lat' dir='ltr'><strong>super</strong></span> <span class='ocrx_word' id='word_1_191' title='bbox 998 3584 1125 3649; x_wconf 90' lang='lat' dir='ltr'><strong>ossibus</strong></span> <span class='ocrx_word' id='word_1_192' title='bbox 1136 3607 1220 3669; x_wconf 88' lang='lat' dir='ltr'><strong>una,</strong></span> 
     </span>
     <span class='ocr_line' id='line_1_32' title="bbox 450 3689 1284 3776; baseline 0 -20"><span class='ocrx_word' id='word_1_193' title='bbox 450 3689 638 3756; x_wconf 88' lang='lat' dir='ltr'><strong>Visceribus</strong></span> <span class='ocrx_word' id='word_1_194' title='bbox 655 3689 764 3754; x_wconf 84' lang='lat' dir='ltr'><strong>taetris</strong></span> <span class='ocrx_word' id='word_1_195' title='bbox 779 3711 884 3774; x_wconf 88' lang='lat' dir='ltr'><strong>prope</strong></span> <span class='ocrx_word' id='word_1_196' title='bbox 897 3691 963 3754; x_wconf 89' lang='lat' dir='ltr'><strong>iam</strong></span> <span class='ocrx_word' id='word_1_197' title='bbox 976 3691 1133 3773; x_wconf 83' lang='lat' dir='ltr'><strong>sordique</strong></span> <span class='ocrx_word' id='word_1_198' title='bbox 1145 3695 1284 3776; x_wconf 84' lang='lat' dir='ltr'><strong>sepulta.</strong></span> 
     </span>
    </p>

    <p class='ocr_par' dir='ltr' id='par_1_8' title="bbox 492 3795 1312 3882">
     <span class='ocr_line' id='line_1_33' title="bbox 492 3795 1312 3882; baseline 0.007 -26"><span class='ocrx_word' id='word_1_199' title='bbox 492 3795 615 3858; x_wconf 89' lang='lat' dir='ltr'><strong>Omnia</strong></span> <span class='ocrx_word' id='word_1_200' title='bbox 626 3796 769 3880; x_wconf 83' lang='lat' dir='ltr'><strong>denique</strong></span> <span class='ocrx_word' id='word_1_201' title='bbox 779 3808 892 3862; x_wconf 84' lang='lat' dir='ltr'><strong>sancta</strong></span> <span class='ocrx_word' id='word_1_202' title='bbox 900 3799 1009 3862; x_wconf 77' lang='lat' dir='ltr'><strong>Derim</strong></span> <span class='ocrx_word' id='word_1_203' title='bbox 1020 3801 1158 3866; x_wconf 87' lang='lat' dir='ltr'><strong>delubra</strong></span> <span class='ocrx_word' id='word_1_204' title='bbox 1170 3802 1312 3882; x_wconf 85' lang='lat' dir='ltr'><strong>replerat</strong></span> 
     </span>
    </p>
   </div>
   <div class='ocr_carea' id='block_1_7' title="bbox 0 0 1575 5108">
    <p class='ocr_par' dir='ltr' id='par_1_9' title="bbox 0 0 1575 5108">
     <span class='ocr_line' id='line_1_34' title="bbox 0 0 1575 5108; baseline 0 0"><span class='ocrx_word' id='word_1_205' title='bbox 0 0 1575 5108; x_wconf 95' lang='lat' dir='ltr'><strong> </strong></span> 
     </span>
    </p>
   </div>
  </div>
 </body>
</html>
