2940 5114
409 416 465 496 178
601 411 669 473 DE
697 409 886 471 RERUM
915 404 1135 475 NATURA
1198 406 1321 502 Μῦς.

404 555 550 632 Corpore
562 554 715 610 concreto
727 545 947 624 circumdatus
960 540 1127 628 undique,
1140 542 1275 628 saepsit,

404 654 460 733 Et,
476 655 541 714 late
553 647 691 714 diffusus
702 649 740 712 in
751 648 878 712 omneis
892 649 1040 735 undiquc
1054 647 1192 732 parteis,

405 752 583 817 Omniasic
594 752 695 815 avido
710 752 884 834 complexu
899 761 1008 826 cetera
1017 751 1146 834 saepsit.

445 865 545 925 Hunc
560 860 695 927 exordis
708 871 786 924 sunt
795 861 873 950 solis
889 864 1052 944 lunaeque
1064 871 1195 942 secute,
1211 868 1247 924 et

404 968 495 1030 Inter
506 975 661 1048 utrasque
670 964 765 1052 globi
779 984 922 1046 quorum
939 975 1114 1030 vertuntur
1129 964 1167 1028 in
1180 959 1286 1028 auris:

405 1075 499 1157 Quae
509 1091 618 1152 neque
626 1081 712 1136 terra
721 1070 936 1153 sibiadscirit,
945 1091 1005 1136 nec
1012 1087 1187 1132 maxumus
1194 1071 1325 1146 setbcr3

405 1177 505 1261 Quod
512 1195 619 1255 neque
628 1184 695 1238 tam
703 1173 827 1238 fuerint
835 1173 950 1260 grevia
958 1219 968 1256 ,
976 1159 1172 1257 ntdepressa
1180 1174 1349 1258 sederent,

404 1277 583 1362 Nec'tevia,
593 1290 630 1342 ut
638 1289 771 1364 possent
777 1297 838 1363 per
846 1299 990 1344 summas
999 1279 1106 1360 lnbier
1114 1299 1206 1358 oras;

404 1390 445 1453 Et
457 1397 566 1452 tamen
575 1387 828 1468 interutrasque
840 1383 987 1466 insunt,
1001 1394 1040 1449 ut
1051 1403 1191 1468 corpore
1204 1383 1281 1448 vin

404 1500 562 1576 Vorsent,
575 1504 607 1580 et
619 1503 729 1578 partes
745 1501 782 1554 ut
796 1490 915 1554 mundi
929 1490 1028 1554 totius
1043 1498 1180 1554 exstent.

404 1603 506 1686 Quod
518 1618 622 1684 genus
631 1597 670 1662 in
681 1595 777 1660 nobis
789 1597 953 1676 quaedam
963 1594 1040 1658 licst
1051 1593 1088 1658 iu
1100 1593 1243 1658 statione

397 1704 557 1768 'Membra
572 1720 723 1782 manere,
738 1708 848 1762 tamen
864 1717 965 1780 quom
977 1695 1044 1760 sint
1055 1717 1112 1780 ea,
1129 1713 1218 1778 qnae

591 1826 594 1830 ’
931 1813 1140 1869 moveantur.

289 1918 292 1926 ’
322 1884 327 1894 ¹
356 1887 359 1893 Ι
445 1912 618 2001 Hisigitnr
632 1887 898 1992 rebusretractis,
916 1918 1002 1972 terre
1013 1919 1167 1992 repente,
1242 1973 1245 1982 ,

406 2023 578 2105 Maxuma,
590 2037 657 2101 qua
669 2040 759 2082 nunc
769 2039 805 2083 se
815 2017 910 2102 ponti
924 2020 1023 2106 plaga
1039 2019 1172 2082 cremia
1183 2017 1302 2099 tendit,

405 2128 564 2209 Succidit,
580 2137 613 2190 et
621 2128 707 2190 salso
720 2120 857 2190 suffodit
869 2122 1000 2212 gurgite
1010 2125 1128 2190 fossas:
1210 2137 1214 2142 ’
1302 2126 1363 2202 483
1463 2110 1466 2121 ¹

405 2234 511 2313 Inque
520 2232 589 2295 dies
601 2239 726 2312 quanto
739 2229 864 2320 circum
874 2229 1129 2316 magisnetberis
1141 2237 1267 2313 aestus,

406 2349 447 2412 Et
460 2345 547 2418 radii
558 2344 636 2408 solis
648 2345 809 2430 cogebant
820 2341 969 2422 undique
982 2351 1105 2406 terram

406 2449 606 2518 Verberibus
620 2448 758 2529 crebris,
774 2444 921 2510 extreme
932 2451 976 2510 ad
985 2447 1103 2512 limina
1118 2453 1283 2531 apertam,

406 2553 1066 2637 inmediout‚propulsamuocondense
1078 2553 1205 2632 sciren=
1261 2574 1269 2594 ·
1353 2571 1357 2578 ·

406 2668 490 2728 Tam
503 2662 607 2748 magis
617 2679 788 2743 expressus
798 2661 956 2725 salsus-de
967 2679 1107 2746 corpore
1123 2664 1227 2734 sudor

359 2807 362 2816 ι
406 2771 557 2856 Augebat
568 2786 659 2830 mare
671 2765 855 2848 manendo,
872 2783 1071 2852 camposque
1083 2769 1261 2834 natanteis:

406 2881 446 2940 Et
459 2886 549 2942 tanto
560 2872 664 2961 magis
675 2875 746 2955 iile,
763 2873 851 2938 foras
865 2874 992 2958 elapsa,
1007 2877 1174 2940 volabant·

328 3023 345 3030 --
407 2987 556 3067 Corpora
571 2982 678 3045 multe
689 2979 839 3062 vaporis,
850 2990 884 3043 et
893 2980 993 3058 ciiris3
1008 2983 1140 3064 altaque
1154 2977 1240 3046 coeli

296 3146 299 3152 .
406 3083 1183 3171 Densabantproculsterrisfnlgentiatempln:

407 3193 564 3256 Sidebant
576 3190 701 3274 campi,
715 3193 903 3255 crescebant
918 3191 1086 3256 montibus
1097 3194 1174 3258 sitis

406 3297 579 3358 Ascensus:
596 3293 808 3374 nequeenim
825 3304 979 3377 poterant
988 3296 1158 3361 subsidere
1170 3284 1264 3382 sexa,

405 3402 473 3464 Nec
482 3398 606 3482 pariter
618 3399 810 3461 tantundem
823 3417 937 3462 omnes
949 3403 1163 3466 succumbere
1175 3412 1294 3488 partes·¹

405 3505 459 3568 Sic
472 3504 574 3590 igitur
587 3517 707 3586 terrae,
724 3512 877 3566 concreto
889 3523 1042 3588 corpore,
1054 3509 1184 3588 pondus
1239 3528 1245 3544 ’

406 3607 572 3688 constitit,
588 3618 686 3688 etque
702 3605 810 3670 omnis
823 3606 940 3670 mundi
950 3609 1044 3689 quasi
1052 3609 1152 3674 limus
1168 3611 1204 3674 in
1215 3611 1322 3674 imum

406 3712 706 3803 Conflnxitgravis,
718 3715 752 3778 'et
767 3714 912 3779 subsedit
927 3715 1089 3800 funditus,
1105 3705 1236 3781 ntiaex.
1278 3783 1282 3792 ,

445 3822 527 3887 Inde
536 3839 641 3904 mare,
653 3819 814 3902 irrueret,
827 3819 905 3884 inde
925 3823 1037 3887 aether
1052 3820 1173 3911 ignifer
1183 3822 1266 3908 ipsc,
