2940 5114
315 363 318 368 ’
414 406 472 488 19⁸
612 392 675 467 ob
701 401 894 464 neuun
920 384 1149 464 Narona
1184 419 1218 460 v.
1242 417 1327 462 ηοω.

412 550 468 612 801
481 543 606 622 docuit,
621 543 780 626 quoniam
796 543 966 630 mitescere
985 541 1284 632 multavvidebant,
1323 603 1336 620 ‚

315 721 321 732 ,
401 652 794 718 ¹Verberibus-radiorum
806 662 904 734 atque
915 659 1004 714 aestu
1019 651 1118 732 vieta,
1131 671 1192 734 per
1201 669 1309 738 agros.

305 1671 307 1676 ,
409 1599 574 1664 Posterius
590 1621 642 1664 res
654 1600 789 1663 inventa
800 1611 864 1681 est,
878 1621 1064 1682 aurumque
1078 1610 1269 1683 repertum,

409 756 491 820 lude
504 752 573 817 dies
590 754 695 839 magis
708 755 745 816 in
763 755 888 818 vietum
902 754 1072 835 vitamque
1086 754 1234 836 priorem

410 865 623 926 Commutare
635 859 731 924 novis
746 863 973 925 monstrabant
983 860 1081 924 rebus
1092 871 1125 924 et
1136 855 1226 946 igni,

409 970 549 1056 ingenio
565 966 625 1048 qui
638 969 862 1049 praestabant,
877 977 910 1032 et
922 969 1022 1033 corde
1032 968 1199 1056 vigebant.

451 1076 601 1140 Condere
615 1084 794 1157 coeperunt
810 1076 938 1156 urbeis,
950 1077 1125 1156 arcemque
1137 1076 1248 1139 locare

408 1165 614 1245 Praesidium
631 1199 726 1264 reges
743 1179 807 1261 ipsi
820 1178 1186 1266 sibi,periugiumque=

408 1285 450 1346 Et
459 1285 619 1367 pecudes,
635 1293 667 1347 et
680 1303 776 1370 agros
792 1283 947 1362 divisere,
967 1292 1066 1361 atque
1084 1284 1221 1364 dedere,
1288 1324 1295 1336 ·

409 1389 475 1451 Pro
490 1388 574 1452 faeie
589 1388 791 1471 quoiusque,
804 1397 838 1450 ‘et
851 1387 992 1468 viribus,
1010 1386 1224 1472 ingenioque.

409 1496 494 1556 Nam
507 1494 607 1557 facies
616 1496 759 1556 multum
772 1495 876 1558 valuit
884 1540 898 1587 ,Ι
913 1495 1064 1574 viresque
1075 1490 1247 1582 uigebant:

410 1711 511 1793 Quod
519 1707 618 1772 facile
631 1720 663 1772 et
679 1708 799 1772 validis
816 1717 848 1770 et
864 1706 1012 1791 pulchris
1025 1705 1143 1771 demsit
1153 1708 1333 1770 honorem.

410 1811 579 1876 Divitioris
590 1811 680 1876 enim
696 1822 818 1877 sectam
834 1815 1032 1895 plerumque
1046 1823 1230 1894 sequuntur
1358 1813 1363 1824 '

410 1907 602 2004 Quamlibet
613 1926 646 1980 et
657 1919 757 1981 fortes
765 1963 775 1999 ,
789 1927 820 1981 et
830 1919 970 2000 pulchro
986 1937 1123 2000 corpore
1138 1917 1230 1980 oreti.

452 2026 551 2110 Quod
561 2025 589 2088 si
599 2023 673 2106 quis
687 2041 768 2088 vera
782 2023 885 2086 vitam
899 2024 1027 2088 ratione
1037 2028 1219 2110 gubernat,
1295 2031 1367 2095 1116

410 2129 556 2194 Divitiae
569 2132 710 2218 grandes
723 2129 854 2194 homini
865 2141 957 2214 sunt,
975 2131 1087 2194 vivere
1101 2149 1202 2216 parce

408 2237 524 2314 Aequo
538 2233 651 2298 animo
662 2257 671 2313 3
683 2255 791 2333 new
805 2233 894 2299 euim
903 2245 950 2300 est
960 2256 1106 2317 unquam
1114 2237 1256 2320 penuria
1267 2239 1368 2324 parvi.

409 2341 452 2405 At
462 2339 567 2402 claros
576 2339 729 2402 homines
742 2341 919 2404 voluerunt
931 2362 966 2406 se
979 2341 1267 2429 atquepoteuteiS,

409 2445 455 2506 Ut
467 2445 685 2508 fundamento
699 2447 809 2510 stabili
822 2449 955 2512 fortuna
972 2462 1140 2538 maneret,

409 2553 451 2613 Et
465 2550 630 2634 placidam
641 2562 774 2633 possent
789 2556 959 2636 opulentei
972 2558 1093 2643 degere
1108 2558 1229 2625 vitum:

411 2656 839 2740 Nequidqu1am3quoniem
859 2663 902 2727 ad
910 2680 1077 2727 summum
1085 2668 1264 2732 succedere

938 2747 1102 2834 honoiem

410 2867 596 2953 certantes,
613 2869 676 2934 iter
691 2870 972 2938 infestum'fecere
986 2875 1064 2940 viu.

408 2976 450 3038 Et
459 2986 567 3040 tamen
580 2999 598 3041 e
611 2997 756 3062 summo,
768 2979 861 3062 quasi
873 2981 1015 3065 fulmen,
1026 2982 1138 3048 deiieit
1147 2984 1231 3050 ictos

408 3083 540 3148 In'vidia
552 3084 720 3163 interdurn
734 3087 922 3152 contemtim
935 3089 971 3152 in
979 3091 1116 3154 Tartara
1126 3101 1246 3158 taetra:

408 3192 453 3256 Ut
465 3192 565 3256 satius
576 3193 758 3257 multoiam
769 3193 811 3258 sit
823 3205 940 3278 p'arere
951 3197 1124 3281 quietum,

409 3297 519 3379 Quem
529 3286 646 3384 regere
657 3299 799 3382 imperio
811 3297 974 3395 iesielle,
985 3311 1017 3366 et
1029 3320 1133 3388 regna
1147 3313 1271 3371 tenere.

406 3402 643 3487 Proindefiue,
658 3399 826 3468 ineassum·
834 3406 962 3490 defessi,
971 3410 1132 3497 sanguine
1141 3413 1281 3497 sudent,

357 3541 362 3550 ·
407 3511 593 3595 Angustum
606 3533 667 3595 per
677 3509 741 3576 iter
750 3513 910 3578 luctantes
919 3517 1127 3582 ambitionis:

407 3615 539 3680 Invidia
549 3618 723 3702 quoniam,
735 3643 793 3685 eeu
811 3621 965 3707 fulmine,
975 3645 1104 3690 summa
1113 3635 1278 3710 vaporant

359 3749 366 3766 ·
406 3721 1295 3816 Plerumque,etquaesuntaltismagiseditacunque:

407 3821 686 3906 Quandoquidem
695 3829 829 3913 sapiunt
839 3830 1000 3912 aleno-ex
1011 3855 1068 3900 ore
1072 3847 1287 3924 ,petuntque
