3134 5112
383 454 588 518 LIBER
627 456 695 522 VI.
734 457 858 538 r.198.
1042 477 1101 544 ²¹9

141 599 309 684 Nubibus,
320 601 356 666 in
368 603 541 687 caveisque
553 605 699 668 ferarum
714 603 1002 670 moremiuanturr

141 708 239 769 Nunc
251 703 344 788 binc,
354 729 445 770 nunc
456 707 552 772 illine
566 707 717 772 fremitus
732 724 793 792 per
807 699 924 774 nubila
936 711 1086 792 mittunt;

142 813 410 898 quaerentesque
420 813 510 876 viam
524 815 838 892 circumtonante,
846 826 878 879 et
887 817 975 902 ignis

142 914 277 978 Semina
288 917 519 980 convolvunte
531 917 690 995 nubibus,
704 909 804 1000 atque
813 917 860 980 ita
874 930 997 1005 cogunt

142 1019 269 1100 Multa,
282 1029 458 1102 rotantque
471 1019 557 1082 cavis
573 1022 740 1082 flammam
754 1021 944 1086 fornacibus
956 1023 1067 1107 intus,

143 1121 261 1184 Donec
273 1121 401 1210 divolsa
416 1122 579 1185 fulserunt
591 1124 680 1206 nube
694 1120 832 1186 corusci.

185 1229 260 1291 Hac
271 1227 371 1290 etiarn
386 1226 424 1289 fit
436 1227 486 1291 uti
497 1230 540 1294 de
553 1249 650 1292 causa
660 1229 793 1292 mobilis
806 1229 866 1292 ille

144 1333 287 1396 Devolet
300 1330 336 1395 in
350 1342 471 1396 terram
486 1333 607 1414 liquidi
622 1335 713 1397 color
726 1330 845 1398 auieus
858 1334 962 1424 iguis;

145 1435 281 1500 Semina
297 1441 388 1520 quod
400 1439 518 1505 nubeis
529 1441 617 1523 ipsas
632 1443 799 1522 permulta
812 1433 941 1506 necesse
955 1452 1003 1506 est

144 1539 391 1624 Ignishabere:
407 1541 545 1623 etenim,
556 1561 657 1624 quom
668 1554 743 1608 sunt
755 1547 894 1608 humore
907 1545 978 1610 sine
988 1545 1074 1628 ullo,

145 1647 334 1713 Flammeus
345 1657 392 1710 est
407 1646 603 1732 pierumque
619 1653 708 1714 colos
722 1662 755 1712 et
767 1651 959 1733 splendidus
971 1652 1056 1714 ollis.

145 1751 282 1837 Quippe
291 1752 412 1818 etenim
426 1754 505 1818 solis
515 1745 693 1818 delumine
707 1755 812 1818 multa
825 1777 957 1818 necesse
971 1767 1018 1820 est

145 1855 399 1938 Concipere,ut
409 1857 529 1920 merito
541 1837 701 1941 rubeant:
709 1860 881 1944 igneisque
890 1860 1106 1944 profundant.

145 1951 366 2052 Hasceigitur
377 1983 480 2043 quom
491 1972 609 2028 ventus
620 1985 720 2052 agens
732 1966 890 2030 contrusit
899 1966 936 2028 in
949 1989 1055 2030 unum

146 2073 415 2154 compressitque
427 2074 538 2134 locum
552 2077 687 2158 odgens3
702 2092 853 2154 expressa
865 2073 1073 2155 profundunt
1133 2093 1135 2096 ·
1174 2128 1178 2160 ,
1257 2121 1259 2128 .

145 2173 695 2256 Semina,quaefaciunt·flammae
708 2177 835 2262 fulgere¹
850 2178 986 2240 colores.
1048 2179 1106 2240 213
1190 2243 1192 2248 ,
1220 2223 1223 2242 .

190 2280 304 2365 Fulgit
319 2279 415 2362 item,
428 2275 530 2361 quom
542 2292 711 2346 rarescunt
724 2300 856 2360 quoque
867 2279 983 2343 nubila
992 2279 1088 2370 coeli,
1145 2277 1147 2282 ’

146 2384 249 2463 Nam,
260 2401 362 2463 quom
372 2390 489 2444 ventus
499 2402 553 2446 eas
566 2381 682 2444 leviter
690 2381 816 2444 diducit
827 2381 969 2464 eunteis,

146 2487 392 2570 Dissplvitque,
409 2489 529 2550 cadant
542 2483 679 2572 ingratis
695 2486 754 2550 illa
769 2508 899 2550 necesse
915 2497 963 2560 est

146 2589 296 2673 Semina,
310 2611 395 2671 quae
407 2589 533 2654 faciunt
546 2592 726 2680 fulgorem:
744 2603 815 2654 tum
828 2591 901 2661 siue
917 2599 1021 2661 taetro
1049 2675 1052 2680 η

147 2699 291 2763 Terrore
305 2705 339 2764 et
348 2695 464 2786 sopitis
473 2695 589 2788 fulgit,
602 2699 762 2780 nulloque
776 2699 929 2784 tumultu.

189 2799 292 2884 Quod
300 2808 463 2888 superest,
475 2796 565 2880 quali
576 2809 693 2860 namra
704 2799 854 2880 praedita
867 2805 1015 2862 constent

148 2906 323 2988 Fulmina,
335 2908 505 2970 declarant
516 2905 615 2986 ictus,
635 2913 666 2967 et
680 2904 790 2966 inusta
804 2922 928 2984 vapore

148 3014 269 3103 Signa,
288 3009 466 3098 notaeque,
478 3009 607 3099 gravcis
620 3011 769 3072 halantes
782 3007 950 3090 sulphuris
961 3023 1069 3069 aures.

148 3120 245 3209 Ignis
258 3119 346 3184 enim
359 3129 435 3182 sunt
446 3121 545 3198 haec,
556 3135 624 3180 non
636 3113 727 3212 venti
736 3111 846 3198 signa,
860 3133 967 3218 neque
982 3107 1112 3174 imbris.
1201 3158 1215 3182 s
1264 3195 1265 3202 ἵ

191 3228 482 3306 Praeterea,saepe
494 3222 677 3308 accendunt
687 3237 819 3300 quoque
831 3225 913 3280 tecta
924 3217 1110 3296 domorum,

142 3319 191 3396 ‘Et
205 3311 305 3396 celeri
317 3333 450 3392 flamma
464 3324 678 3390 dominantur
687 3325 723 3390 iu
735 3323 871 3390 aedibus
881 3322 971 3404 ipsis.

146 3439 256 3502 Hunc
272 3434 333 3497 tibi
345 3431 500 3498 subtilem
513 3451 588 3494 cum
602 3429 717 3514 primis
730 3429 863 3516 ignibus
873 3427 999 3513 ignem,

149 3542 331 3607 Constituit
345 3549 463 3604 natura
475 3534 610 3618 minutis
622 3535 767 3600 motibus
785 3543 884 3614 atque

150 3631 376 3729 Corporibus,
388 3643 468 3726 quoi
483 3641 533 3706 uil
546 3640 683 3710 omnino
699 3637 856 3702 obsistere
871 3631 981 3718 possit.

151 3748 292 3814 Transit
303 3747 393 3826 enim
406 3743 690 3810 validumfulmen
704 3763 766 3824 per
774 3748 887 3823 saepta
900 3741 1091 3818 domorum,

153 3855 295 3940 Clamor
304 3850 368 3936 uti,
379 3871 419 3916 ac
432 3869 542 3936 voum,
555 3846 670 3922 transit
678 3867 738 3936 per
749 3865 844 3942 axe„
852 3845 913 3932 per
923 3862 1015 3924 aera;
