2906 5152
314 465 546 594 'ursus
585 490 651 558 vl.
691 493 775 556 cs.
879 547 882 554 Δ
964 501 1027 562 ω

59 637 254 728 Dilvolgata
270 645 365 702 vetus
380 636 449 700 iaus
465 638 510 700 ad
524 636 655 700 eoelum
667 635 774 723 gloria
785 636 903 708 fertur.
1023 659 1028 668 ’

99 746 209 825 Nam,
221 740 421 822 quomuidit
431 739 507 820 hie,
516 743 560 804 ad
569 741 690 806 victum
702 744 921 830 quiae-flagitat
930 765 1025 831 usus,

59 848 192 912 Omnia-
201 847 270 910 iam
285 847 389 909 ferme
401 845 597 910 mortalibus
607 865 678 912 esse
688 857 819 931 perata,

57 955 98 1015 Et
114 973 179 1036 per
191 971 277 1032 quae
294 959 428 1044 possent
439 948 547 1012 vitam‘
557 947 732 1012 consistere
747 956 870 1027 tutam

55 1056 195 1121 Divitiis
207 1055 373 1136 homines,
390 1063 422 1116 et
434 1055 562 1118 honore
578 1063 611 1118 et
625 1055 727 1117 laude
736 1053 919 1137 potenteis,
1025 1077 1027 1084 ⁴

57 1163 216 1245 Affluere,
229 1169 327 1242 atque
339 1162 428 1224 lsona
439 1137 594 1222 natorum
610 1160 770 1224 extollere
783 1159 890 1240 fama,

56 1272 125 1332 Nec
135 1267 248 1330 minus
259 1285 328 1330 esse
346 1263 438 1328 domi
450 1265 631 1346 quoiquam
645 1274 756 1328 tamen
766 1263 867 1330 anxia
879 1264 988 1348 cordi,

56 1375 168 1452 Atque
179 1367 285 1432 animi
297 1367 436 1454 ingratis
448 1368 551 1431 vitam
563 1389 684 1434 vexare
696 1367 856 1450 querelis3

56 1481 212 1556 Causam,
226 1493 311 1556 quae
321 1473 446 1538 infestis
458 1474 546 1560 cogit
560 1475 690 1538 saevire
699 1475 861 1560 querelis,

53 1583 224 1670 Intellegit
236 1583 300 1660 ibi;
313 1583 432 1646 vitium
445 1603 502 1646 vas
514 1581 644 1648 efficere
660 1585 787 1670 ipsum,

56 1687 247 1767 Omniaque
259 1684 349 1750 illius
360 1685 441 1747 vitio
452 1686 659 1770 corrumpier
676 1687 780 1772 intus,

1 1780 2 1783 '
56 1794 153 1876 Quae
170 1808 233 1853 eon
248 1790 334 1853 laeta
348 1790 446 1873 foris,
459 1803 491 1854 et
505 1793 693 1883 commoda,
707 1813 838 1876 cunque
848 1791 1016 1860 venirent:

53 1894 198 1974 Partim,
212 1895 303 1976 quod
316 1896 442 1958 fluxum
451 1902 688 1978 pertusumque
697 1911 765 1958 esse
777 1893 928 1978 ridebat,
1010 1959 1012 1971 ,

54 2002 97 2062 Ut
112 2003 211 2068 nulla
226 2002 334 2084 posset
349 1997 477 2063 ratione
492 1997 655 2082 explerier
669 2021 836 2082 unquam,

54 2105 197 2190 Partim,
207 2109 298 2188 quod
309 2116 413 2170 taetro
424 2103 520 2188 quasi
534 2121 751 2188 conspurcare
763 2125 881 2189 sapore

55 2211 181 2276 Omnia
195 2215 365 2293 cernebat,
375 2231 592 2293 quaeeunque
606 2220 775 2294 receperat
789 2211 890 2274 intus.
978 2215 1018 2275 23

53 2315 217 2380 veridicis
228 2314 331 2402 igitur
340 2316 497 2402 purgavit
509 2326 643 2400 pectora
651 2316 763 2399 dictis,

54 2423 91 2485 Et
104 2421 212 2486 finem
227 2422 339 2486 statuit
356 2423 540 2507 torpedinis
555 2435 654 2504 atque
672 2423 817 2502 timoris,
1008 2473 1013 2484 ,

53 2524 430 2608 Exposuitque,bonum
438 2545 605 2590 summurn
615 2571 625 2608 ,
635 2547 702 2606 quo
715 2525 880 2590 tendimus
886 2544 1015 2610 omues,

54 2632 251 2720 Quidtoret,
265 2643 363 2714 atque
372 2631 462 2698 viam
471 2634 669 2698 monstravit
679 2634 809 2698 tramite
819 2651 943 2718 parvo,
1010 2694 1014 2704 .

53 2743 127 2826 Qua
140 2761 309 2824 possemus
317 2741 507 2806 adidrecto
523 2744 720 2808 contendere
735 2763 850 2808 eursu:
979 2813 981 2820 Ι

53 2847 186 2930 Quidve
203 2844 283 2910 ma'li
299 2846 385 2908 foret
397 2845 434 2918 in
451 2847 550 2908 rebus
563 2845 753 2908 mortalibu’
762 2846 902 2929 passim,

53 2954 154 3038 Quod
169 2953 284 3015 flueret
297 2949 461 3031 naturali,
478 2948 635 3029 varieque
651 2950 795 3030 volaret,

52 3060 113 3120 Seu
131 3077 223 3139 casu,
235 3077 291 3120 seu
303 3054 353 3137 vi,
367 3055 458 3135 quod
471 3051 518 3115 sic
532 3053 656 3113 Natura
669 3058 828 3133 parasset;

50 3163 87 3224 Et
103 3163 256 3244 quibuse
270 3161 375 3246 portis
388 3158 519 3224 occurri
534 3150 679 3238 quoique
693 3158 841 3236 deceret:

51 3267 89 3325 Et
103 3283 212 3351 genus
229 3261 551 3326 humanumfrustra
569 3259 764 3342 plerumque
780 3256 936 3340 probavit

51 3371 195 3433 Volveoe
210 3387 365 3430 curarum
383 3362 501 3428 tristeis
515 3363 551 3426 in
564 3375 698 3446 pectore
711 3367 839 3440 fluetus.

50 3475 150 3554 Nam,
162 3469 374 3554 velutipueri
391 3467 572 3552 trepidant,
589 3478 688 3550 atque
705 3469 820 3532 omnia
833 3466 941 3534 caeeis
990 3551 992 3556 ι

49 3577 89 3640 ln
98 3575 247 3640 tenebris
254 3583 422 3655 metuunt,
440 3573 485 3636 sie
495 3593 555 3636 nos
568 3571 605 3636 in
618 3576 693 3638 luce
706 3572 861 3638 timemus

49 3683 240 3770 Interdum,
254 3683 360 3751 nihilo
373 3692 544 3764 quaesunt
553 3683 730 3746 metuenda
740 3682 862 3768 magis,
875 3700 977 3765 quam

50 3791 146 3875 Quae
165 3791 260 3874 pueri
274 3791 466 3856 intenebris
479 3790 645 3874 pavitant,
660 3790 856 3878 finguntque
866 3792 986 3854 lutura.

48 3895 148 3958 Hunc
158 3893 261 3984 igitur
268 3905 427 3962 terrorem
437 3895 556 3979 animi,
569 3882 800 3980 tenebrasque,
810 3916 942 3968 necesse
951 3905 1000 3964 est
