3034 5116
381 355 584 436 elusit
619 355 703 434 111.
744 375 866 440 mu.
1068 401 1107 462 fla

143 507 266 590 Possit3
285 530 347 575 nec
363 510 471 594 spatio
490 510 563 576 fieri
581 513 686 578 diuisa
700 511 857 598 potestas}

143 615 209 678 Sed
224 615 321 696 quasi
335 617 458 678 multae
473 616 523 680 vis
536 617 637 680 unius
656 621 806 702 corporis
818 629 953 689 exstant.

141 715 245 796 Quod
257 701 376 802 genus,
393 715 429 779 in
444 737 513 798 quo
524 717 574 783 vis
589 717 796 786 animantum
810 723 915 788 visere
927 703 1045 814 uolgir,
1081 763 1086 767 ·

140 816 199 880 Est
207 817 310 900 odor,
324 818 501 898 etquidem
511 821 616 903 calor,
630 832 662 884 et
671 843 783 906 sapor:
803 835 955 891 ettamen
967 826 1066 892 exhis
1102 835 1104 840 ’

140 923 309 988 Omnibus
321 935 368 990 cst
381 928 681 1010 untmperfsctum
700 932 849 1014 corporis
861 953 1015 1020 augmen.

136 1029 194 1120 Sic
205 1033 296 1096 calor
310 1041 408 1114 atque
425 1037 482 1096 attr
500 1045 532 1101 et
548 1037 640 1104 renti
654 1059 750 1104 caeca
761 1051 903 1122 potestas
964 1045 967 1049 ’

136 1133 244 1200 Mixta
255 1145 366 1205 creant
381 1156 484 1202 unam
498 1150 666 1226 naturam,
681 1153 714 1206 et
728 1144 861 1208 mobilis
873 1145 933 1212 itta

134 1235 213 1320 Vis,
227 1236 353 1317 initum,
362 1250 470 1304 motus
480 1246 522 1340 ab
539 1265 575 1308 se
586 1267 671 1326 quae
683 1248 802 1312 dividit
811 1249 902 1330 oiiis;

134 1339 282 1404 sensifer
292 1345 382 1407 unde
395 1346 501 1410 oritur
513 1350 663 1432 primum
676 1373 736 1435 per
749 1352 874 1416 viscera
886 1363 1004 1420 motus.
1023 1390 1028 1396 x

133 1448 222 1516 Nam
231 1449 364 1532 penitus
372 1458 612 1550 prorsumlatet
624 1459 706 1524 haec
717 1471 852 1543 natura,
865 1464 1055 1544 subestque:

132 1556 204 1618 Nec
217 1555 324 1642 magis
333 1558 397 1631 hac
405 1559 494 1624 infra
504 1563 688 1644 quidquam
698 1563 791 1642 estin
801 1587 940 1650 corpore
950 1579 1080 1648 uostro;

131 1657 243 1738 Atque
255 1657 367 1725 anima
376 1671 424 1728 est
436 1662 567 1729 animae
580 1686 744 1750 proporro
760 1669 859 1734 totius
870 1670 961 1752 ipsa:

131 1764 235 1850 Quod
243 1785 349 1855 genus
359 1766 396 1830 in
406 1766 524 1834 nostris
536 1773 697 1836 membris
715 1785 747 1840 et
763 1793 902 1858 corpore
919 1783 989 1836 toto

129 1873 237 1937 Mixta
252 1877 357 1942 latens
372 1874 476 1942 animi
486 1879 538 1944 vis
548 1891 601 1960 ¹cst
617 1855 812 1962 inimieque
829 1888 987 1963 potestas,
1053 1947 1058 1950 ,
1148 1873 1155 1896 ’

130 1978 339 2060 Corporibus
354 1979 433 2060 quia
449 1981 492 2042 de
509 1981 620 2064 parvis
632 1981 811 2067 paucisque
821 1991 930 2046 creata
941 1989 999 2076 cst.

131 2082 185 2148 Sic
197 2084 260 2148 tihi
276 2085 422 2150 nominis
441 2088 523 2152 haec
536 2109 652 2172 expers
664 2086 733 2168 vis,
750 2087 836 2173 facta
850 2087 987 2153 minutis
1037 2092 1096 2154 ado

133 2190 357 2274 Corporibus,
373 2193 468 2270 latet;
489 2176 587 2274 atque
601 2193 730 2256 animae
748 2192 842 2273 quasi
856 2192 952 2258 totius
962 2194 1036 2278 ipsa

129 2299 298 2380 Proporro
311 2307 358 2362 est
370 2296 498 2379 anima,
515 2306 547 2361 et
560 2278 750 2363 dominatur
763 2319 903 2382 corpore
920 2309 1004 2364 totos

129 2401 307 2467 Consimili
320 2401 446 2466 ratione
463 2415 593 2482 necesso
603 2412 650 2472 est
660 2450 669 2486 ,
681 2413 799 2468 ventus
811 2413 843 2466 et
860 2408 918 2474 a'e'r

127 2511 169 2573 Et
179 2509 365 2592 calorinter
374 2531 408 2572 se
421 2509 554 2596 vigeant
570 2509 747 2575 commixta
757 2531 817 2594 per
828 2520 938 2588 artuss
984 2593 987 2599 Ι

128 2619 238 2699 Atque
253 2616 326 2694 aliis
338 2600 430 2680 aliud
444 2617 550 2680 subsit.
563 2616 683 2704 magis,
703 2618 930 2702 emineatsque3
985 2701 988 2707 Ι

130 2725 176 2786 Ut
187 2723 349 2807 quiddam
359 2722 432 2804 fiqri
443 2725 590 2787 videatur
606 2727 649 2787 ab
661 2725 816 2790 omnibus
830 2712 955 2792 uuum:

131 2830 182 2890 Ne
191 2830 296 2906 calor,
313 2847 353 2890 ac
367 2837 484 2890 ventus
497 2817 662 2907 seorsum,
674 2847 888 2907 seorsumque
897 2834 1041 2924 poqestas

133 2929 240 3014 A'e'ris,
257 2928 448 2994 interimant
458 2948 603 3009 sensum,
620 2928 820 3008 diductaque
832 2930 971 2994 solvant.

170 3037 227 3100 Est
243 3037 343 3099 etiam
358 3036 448 3098 calor
457 3033 514 3098 itte
527 3035 657 3115 anime,
672 3021 771 3114 quem
781 3033 881 3100 sumit
893 3033 1009 3116 inira,

128 3143 241 3228 Quom
254 3137 420 3220 fervescit,
433 3147 514 3202 etex
525 3136 629 3222 oculis
642 3117 741 3198 micat
750 3133 856 3198 acrius
867 3135 977 3196 ardor.
1016 3211 1017 3220 ἵ

124 3247 184 3310 Est
196 3225 357 3336 etfrigida
370 3242 473 3314 multa
480 3287 491 3324 ,
501 3261 614 3315 ⁴comcs
627 3237 830 3323 formidinis,
843 3259 939 3317 aura;

124 3351 224 3434 Quae
234 3347 298 3418 ciet
308 3348 480 3409 horrorem
491 3344 664 3427 membris,
680 3355 712 3410 et
726 3342 866 3408 concitat
879 3353 977 3418 artus,

123 3454 184 3516 Est
197 3449 298 3514 etiam
317 3471 450 3550 quoque
463 3449 572 3534 pacati
589 3459 690 3514 status
705 3447 791 3514 afris
807 3447 865 3512 ille
874 3493 885 3532 ,

122 3562 265 3626 Pectore
276 3542 455 3640 tranquillo
467 3557 504 3624 fit
516 3561 574 3641 qui
588 3562 748 3642 voltuque
756 3578 883 3632 sereno.
911 3640 914 3655 Ι

120 3669 192 3732 Sed
204 3665 304 3731 calidi
316 3670 391 3750 plus
404 3678 452 3732 est
465 3667 547 3751 illis,
569 3669 689 3750 quibus
703 3667 792 3732 acria
813 3670 927 3752 corda,
996 3685 1000 3690 ’

120 3771 358 3858 iracundaque
372 3795 465 3842 meus
477 3773 574 3842 tacite
585 3771 766 3844 effervescit
780 3775 823 3842 iu
833 3774 913 3843 iras'
946 3866 948 3874 Ι
