3134 5112
450 487 508 556 236
646 482 713 542 DE
741 479 932 542 RERUM
962 479 1185 546 NATURA
1240 489 1367 565 v.734.

449 619 558 712 Quom
571 629 812 702 convenerunt,
824 617 875 682 ibi
885 622 929 682 ad
938 621 1020 684 altos
1034 620 1177 701 denique
1191 621 1337 688 monteis'

448 735 630 794 contrusae
643 730 748 792 nubos
762 735 965 811 conguntur,
978 725 1078 806 vique
1088 737 1295 810 premuntur.
1360 739 1365 750 '

487 834 636 898 Forsitan
653 833 852 923 Aethiopum
863 831 994 914 penitus
1004 833 1046 897 de
1056 832 1224 896 montibus
1234 834 1310 897 altis

448 941 593 1018 Crescat,
605 935 709 1000 ubiin
723 955 858 1020 campos
871 937 962 1000 albas
971 938 1168 1000 descendere
1180 937 1335 1023 ningueis

448 1038 604 1104 Tabificis
616 1039 739 1126 subigit
750 1039 852 1104 radiis
860 1043 926 1123 sol,
940 1040 1056 1104 omnia
1066 1042 1218 1106 lustrans.

489 1149 586 1212 Nunc
597 1161 672 1234 age,
687 1149 817 1212 Averna
835 1144 895 1210 tibi
908 1164 993 1228 quae
1008 1145 1074 1209 sint
1086 1146 1160 1210 Iooa
1175 1169 1307 1230 cunque

511 1317 513 1326 ¹
850 1253 853 1264 ¹
1040 1253 1212 1336 lacusque,

451 1357 645 1444 Expediam,
657 1357 749 1439 quali
764 1366 881 1422 natura
890 1355 1041 1439 praedita
1051 1367 1210 1420 constent.

439 1535 441 1550 Ι
491 1462 672 1546 Principio,
684 1464 776 1544 quod
787 1451 919 1524 Averna
930 1467 1091 1522 vocantur
1100 1458 1250 1541 nomine,
1260 1459 1407 1543 idabre,

451 1566 648 1651 Impositum
659 1551 720 1648 est}
731 1565 810 1647 quia
820 1573 897 1630 sunt
906 1561 1024 1628 avibus
1037 1562 1200 1626 contraria
1210 1565 1351 1648 cunctis,

451 1673 492 1732 Et
501 1669 637 1756 regione
648 1688 687 1732 ea
702 1670 793 1750 quod
804 1669 877 1730 loca
890 1684 992 1746 quom
1004 1685 1124 1730 venere
1138 1667 1302 1750 volantes,

452 1775 643 1862 Remigium
655 1773 792 1855 oblitae,
804 1793 990 1856 pennarum
998 1774 1074 1836 vela
1086 1769 1276 1858 remittunt,
1296 1815 1300 1831 ,

411 1897 415 1908 ·
452 1876 713 1960 Praecipitesque
726 1877 861 1956 cadunt,
873 1874 968 1938 molli
978 1872 1106 1938 cervice
1119 1875 1289 1959 profusae,

452 1984 645 2064 luteum,
657 1983 686 2046 si
701 1983 786 2054 forte
800 1983 847 2048 ita
858 1981 922 2044 fert
930 1989 1049 2045 natura
1061 1981 1228 2060 looorunr3

452 2089 518 2150 Aut
528 2086 566 2149 in
575 2105 713 2166 aquam,
726 2084 754 2148 si
766 2085 849 2148 forte
862 2085 954 2148 lacus
965 2086 1147 2150 substratus
1159 2085 1294 2152 Averni

452 2190 518 2254 Hic
531 2191 624 2255 locus
633 2199 681 2254 est
694 2193 814 2254 Cumas
823 2191 928 2272 apud3
942 2188 1011 2252 aori
1022 2191 1150 2256 sulfure
1164 2203 1295 2258 montes
1349 2197 1408 2275 748

380 2325 383 2330 ¹
455 2294 591 2378 Oppleti
603 2293 717 2358 calidis
729 2294 789 2357 ubi
798 2295 928 2359 fumant
938 2294 1084 2358 fontibus
1096 2296 1209 2359 aucti.¹

494 2403 550 2464 Est
563 2409 596 2463 et
606 2399 780 2464 Athenaeis
792 2398 828 2462 in
839 2400 1026 2482 moenibus,
1037 2401 1120 2466 arcis
1129 2402 1165 2466 in
1175 2401 1248 2487 ipso

416 2493 417 2498 ἵ
453 2503 601 2586 vertice,
609 2504 752 2568 Palladis
764 2506 807 2568 ad
819 2507 980 2589 templum
989 2507 1168 2588 Tritonidis
1179 2512 1304 2595 almae,

454 2611 532 2692 Quo
543 2629 715 2689 nunquam
729 2611 848 2692 pennis
857 2613 1030 2694 appellunt
1041 2634 1182 2697 corpora
1193 2639 1313 2682 raucae

454 2711 624 2788 Cornicen
637 2732 721 2795 non,
732 2734 834 2794 quom
848 2712 979 2780 fumant
993 2719 1109 2783 altaria
1120 2719 1227 2784 donis.

453 2807 565 2896 Usque
575 2817 658 2879 adeo
671 2815 830 2903 fugitant,
838 2839 914 2888 non
923 2820 990 2886 iras
1004 2821 1146 2890 Palladis
1157 2825 1282 2909 aereis,

453 2915 613 3008 Pervigili
626 2941 741 3006 causa,
756 2923 894 2989 Graiium
904 2935 940 2988 ut
952 2927 1101 2992 cecinere
1112 2934 1247 3012 poo'tae3

453 3029 517 3108 Sed
529 3040 645 3094 natura
655 3029 723 3093 loci
733 3050 816 3115 opus
830 3028 928 3094 efficit
937 3029 1008 3113 insa
1018 3043 1143 3119 suapte.

495 3137 534 3198 In
547 3137 643 3220 Syria
658 3159 791 3220 quoque
804 3139 908 3202 fertur
926 3139 1005 3202 item
1016 3141 1110 3204 loeus
1124 3161 1207 3224 esse,
1219 3139 1340 3223 videri,

456 3244 694 3327 Quadrupedes
708 3265 841 3327 quoque
854 3267 937 3329 quo,
950 3247 1049 3336 sitnul
1063 3268 1102 3310 ac
1115 3248 1255 3336 vestigia
1263 3249 1404 3334 primum

453 3345 649 3432 Intulerint,
665 3347 811 3435 graviter
818 3349 869 3414 vis
878 3361 974 3438 cogat
985 3352 1157 3418 concidere
1168 3354 1259 3438 ipsa,

455 3447 610 3515 Manibus
625 3451 774 3522 utsisint
783 3452 876 3518 Divis
885 3464 1040 3540 mactata,
1054 3467 1197 3542 repente

498 3557 620 3621 Omnia
630 3579 716 3640 quae
724 3562 869 3626 naturali
878 3562 1006 3626 ratione
1016 3568 1200 3651 geruntur;

454 3662 510 3742 Et,
522 3661 641 3742 quibus
654 3685 673 3728 e
684 3663 766 3730 fiant
781 3667 902 3750 causis,
918 3679 1055 3752 apparet
1063 3670 1177 3759 origot
1279 3721 1283 3732 .

454 3761 557 3828 ianua
572 3789 614 3832 ne
625 3769 731 3854 posita
740 3771 791 3836 his
806 3773 885 3836 Orci
898 3773 1090 3859 regionibus
1102 3797 1171 3842 esse

457 3869 631 3951 Credatur;
646 3885 720 3957 post
732 3875 813 3964 hino
822 3876 950 3946 animas
956 3879 1151 3948 Acheruntis
1163 3879 1201 3948 in
1214 3901 1289 3951 oras
