<?xml version="1.0" encoding="UTF-8"?>
<!DOCTYPE html PUBLIC "-//W3C//DTD XHTML 1.0 Transitional//EN"
    "http://www.w3.org/TR/xhtml1/DTD/xhtml1-transitional.dtd">
<html xmlns="http://www.w3.org/1999/xhtml" xml:lang="en" lang="en">
 <head>
  <title>
</title>
<meta http-equiv="Content-Type" content="text/html;charset=utf-8" />
  <meta name='ocr-system' content='tesseract 3.04.00' />
  <meta name='ocr-capabilities' content='ocr_page ocr_carea ocr_par ocr_line ocrx_word'/>
</head>
<body>
  <div class='ocr_page' id='page_1' title='image "./dererumnaturali10carugoog_0073.png"; bbox 0 0 3056 5126; ppageno 0'>
   <div class='ocr_carea' id='block_1_1' title="bbox 425 389 1344 530">
    <p class='ocr_par' dir='ltr' id='par_1_1' title="bbox 425 389 1344 530">
     <span class='ocr_line' id='line_1_1' title="bbox 425 389 1344 530; baseline -0.003 -17"><span class='ocrx_word' id='word_1_1' title='bbox 425 389 463 513; x_wconf 67' lang='lat' dir='ltr'><strong>rs</strong></span> <span class='ocrx_word' id='word_1_2' title='bbox 628 444 698 528; x_wconf 82' lang='lat' dir='ltr'><strong>un</strong></span> <span class='ocrx_word' id='word_1_3' title='bbox 722 411 914 506; x_wconf 74' lang='lat' dir='ltr'><strong>aurun</strong></span> <span class='ocrx_word' id='word_1_4' title='bbox 940 427 1157 506; x_wconf 74' lang='lat' dir='ltr'><strong>urruns</strong></span> <span class='ocrx_word' id='word_1_5' title='bbox 1218 446 1344 530; x_wconf 61' lang='lat' dir='ltr'><strong>aega</strong></span> 
     </span>
    </p>
   </div>
   <div class='ocr_carea' id='block_1_2' title="bbox 421 567 1428 1941">
    <p class='ocr_par' dir='ltr' id='par_1_2' title="bbox 421 567 1428 1941">
     <span class='ocr_line' id='line_1_2' title="bbox 421 567 1277 670; baseline 0.002 -20"><span class='ocrx_word' id='word_1_6' title='bbox 421 589 462 650; x_wconf 80' lang='lat' dir='ltr'><strong>Et</strong></span> <span class='ocrx_word' id='word_1_7' title='bbox 471 567 644 652; x_wconf 79' lang='lat' dir='ltr'><strong>labefactat</strong></span> <span class='ocrx_word' id='word_1_8' title='bbox 655 603 729 667; x_wconf 88' lang='lat' dir='ltr'><strong>eos,</strong></span> <span class='ocrx_word' id='word_1_9' title='bbox 744 585 833 650; x_wconf 91' lang='lat' dir='ltr'><strong>unde</strong></span> <span class='ocrx_word' id='word_1_10' title='bbox 848 583 960 648; x_wconf 86' lang='lat' dir='ltr'><strong>omnia</strong></span> <span class='ocrx_word' id='word_1_11' title='bbox 975 584 1099 650; x_wconf 75' lang='lat' dir='ltr'><strong>credita</strong></span> <span class='ocrx_word' id='word_1_12' title='bbox 1108 583 1277 670; x_wconf 68' lang='lat' dir='ltr'><strong>pendent,</strong></span> 
     </span>
     <span class='ocr_line' id='line_1_3' title="bbox 422 689 1416 780; baseline 0.004 -25"><span class='ocrx_word' id='word_1_13' title='bbox 422 690 519 756; x_wconf 78' lang='lat' dir='ltr'><strong>Unde</strong></span> <span class='ocrx_word' id='word_1_14' title='bbox 530 690 585 754; x_wconf 93' lang='lat' dir='ltr'><strong>hic</strong></span> <span class='ocrx_word' id='word_1_15' title='bbox 597 689 808 776; x_wconf 88' lang='lat' dir='ltr'><strong>cognitusest</strong></span> <span class='ocrx_word' id='word_1_16' title='bbox 816 689 895 772; x_wconf 87' lang='lat' dir='ltr'><strong>ipsi,</strong></span> <span class='ocrx_word' id='word_1_17' title='bbox 908 691 1170 770; x_wconf 80' lang='lat' dir='ltr'><strong>quernnoarinat</strong></span> <span class='ocrx_word' id='word_1_18' title='bbox 1178 693 1303 780; x_wconf 85' lang='lat' dir='ltr'><strong>ignem.</strong></span> <span class='ocrx_word' id='word_1_19' title='bbox 1409 716 1416 728; x_wconf 81' lang='grc'><em>’</em></span> 
     </span>
     <span class='ocr_line' id='line_1_4' title="bbox 424 792 1205 880; baseline 0.004 -22"><span class='ocrx_word' id='word_1_20' title='bbox 424 794 537 859; x_wconf 81' lang='lat' dir='ltr'><strong>Credit</strong></span> <span class='ocrx_word' id='word_1_21' title='bbox 546 793 636 857; x_wconf 87' lang='lat' dir='ltr'><strong>enim</strong></span> <span class='ocrx_word' id='word_1_22' title='bbox 650 812 764 857; x_wconf 89' lang='lat' dir='ltr'><strong>sensus</strong></span> <span class='ocrx_word' id='word_1_23' title='bbox 776 792 888 880; x_wconf 85' lang='lat' dir='ltr'><strong>iguem</strong></span> <span class='ocrx_word' id='word_1_24' title='bbox 901 813 1097 880; x_wconf 71' lang='lat' dir='ltr'>cognoscere</span> <span class='ocrx_word' id='word_1_25' title='bbox 1106 817 1205 877; x_wconf 74' lang='lat' dir='ltr'><strong>rere5</strong></span> 
     </span>
     <span class='ocr_line' id='line_1_5' title="bbox 424 897 1321 980; baseline 0.001 -15"><span class='ocrx_word' id='word_1_26' title='bbox 424 904 541 965; x_wconf 82' lang='lat' dir='ltr'>Cetera</span> <span class='ocrx_word' id='word_1_27' title='bbox 555 918 623 965; x_wconf 87' lang='lat' dir='ltr'><strong>non</strong></span> <span class='ocrx_word' id='word_1_28' title='bbox 638 897 758 980; x_wconf 85' lang='lat' dir='ltr'><strong>credit,</strong></span> <span class='ocrx_word' id='word_1_29' title='bbox 771 917 856 979; x_wconf 79' lang='lat' dir='ltr'><strong>quar</strong></span> <span class='ocrx_word' id='word_1_30' title='bbox 871 899 943 962; x_wconf 89' lang='lat' dir='ltr'><strong>uilo</strong></span> <span class='ocrx_word' id='word_1_31' title='bbox 955 902 1045 964; x_wconf 76' lang='lat' dir='ltr'><strong>adara</strong></span> <span class='ocrx_word' id='word_1_32' title='bbox 1058 902 1170 967; x_wconf 86' lang='lat' dir='ltr'><strong>minus</strong></span> <span class='ocrx_word' id='word_1_33' title='bbox 1179 911 1275 968; x_wconf 78' lang='lat' dir='ltr'><strong>sunts</strong></span> <span class='ocrx_word' id='word_1_34' title='bbox 1320 933 1321 938; x_wconf 41' lang='lat'>¹</span> 
     </span>
     <span class='ocr_line' id='line_1_6' title="bbox 424 1003 1343 1091; baseline 0.009 -25"><span class='ocrx_word' id='word_1_35' title='bbox 424 1003 618 1090; x_wconf 73' lang='lat' dir='ltr'><strong>Quodmibi</strong></span> <span class='ocrx_word' id='word_1_36' title='bbox 629 1025 706 1068; x_wconf 85' lang='lat' dir='ltr'><strong>curn</strong></span> <span class='ocrx_word' id='word_1_37' title='bbox 714 1024 853 1086; x_wconf 84' lang='lat' dir='ltr'><strong>vanum,</strong></span> <span class='ocrx_word' id='word_1_38' title='bbox 867 1007 1190 1091; x_wconf 79' lang='lat' dir='ltr'><strong>tunadeiirum,esse</strong></span> <span class='ocrx_word' id='word_1_39' title='bbox 1199 1009 1343 1074; x_wconf 74' lang='lat' dir='ltr'><strong>videtur.</strong></span> 
     </span>
     <span class='ocr_line' id='line_1_7' title="bbox 423 1109 1246 1198; baseline 0.007 -25"><span class='ocrx_word' id='word_1_40' title='bbox 423 1114 502 1197; x_wconf 76' lang='lat' dir='ltr'><strong>Quo</strong></span> <span class='ocrx_word' id='word_1_41' title='bbox 513 1109 814 1176; x_wconf 78' lang='lat' dir='ltr'><strong>referemusenimi</strong></span> <span class='ocrx_word' id='word_1_42' title='bbox 827 1110 917 1194; x_wconf 81' lang='lat' dir='ltr'><strong>Quid</strong></span> <span class='ocrx_word' id='word_1_43' title='bbox 930 1111 1026 1176; x_wconf 84' lang='lat' dir='ltr'><strong>nobis</strong></span> <span class='ocrx_word' id='word_1_44' title='bbox 1037 1113 1156 1177; x_wconf 74' lang='lat' dir='ltr'><strong>certitu</strong></span> <span class='ocrx_word' id='word_1_45' title='bbox 1166 1114 1246 1198; x_wconf 83' lang='lat' dir='ltr'><strong>ipsis</strong></span> 
     </span>
     <span class='ocr_line' id='line_1_8' title="bbox 423 1209 1310 1301; baseline 0.001 -20"><span class='ocrx_word' id='word_1_46' title='bbox 423 1217 580 1282; x_wconf 80' lang='lat' dir='ltr'><strong>Sensibus</strong></span> <span class='ocrx_word' id='word_1_47' title='bbox 589 1236 658 1282; x_wconf 88' lang='lat' dir='ltr'><strong>esse</strong></span> <span class='ocrx_word' id='word_1_48' title='bbox 667 1217 798 1300; x_wconf 83' lang='lat' dir='ltr'><strong>potest?</strong></span> <span class='ocrx_word' id='word_1_49' title='bbox 813 1209 880 1301; x_wconf 75' lang='lat' dir='ltr'><strong>Qui</strong></span> <span class='ocrx_word' id='word_1_50' title='bbox 892 1237 971 1282; x_wconf 82' lang='lat' dir='ltr'><strong>vera</strong></span> <span class='ocrx_word' id='word_1_51' title='bbox 982 1237 1021 1280; x_wconf 92' lang='lat' dir='ltr'><strong>ac</strong></span> <span class='ocrx_word' id='word_1_52' title='bbox 1032 1218 1116 1282; x_wconf 87' lang='lat' dir='ltr'><strong>falsa</strong></span> <span class='ocrx_word' id='word_1_53' title='bbox 1129 1222 1310 1285; x_wconf 66' lang='lat' dir='ltr'><strong>notemus?</strong></span> 
     </span>
     <span class='ocr_line' id='line_1_9' title="bbox 467 1322 1336 1412; baseline 0.003 -27"><span class='ocrx_word' id='word_1_54' title='bbox 467 1324 658 1403; x_wconf 84' lang='lat' dir='ltr'><strong>Praeterea,</strong></span> <span class='ocrx_word' id='word_1_55' title='bbox 676 1341 781 1403; x_wconf 81' lang='lat' dir='ltr'><strong>quare</strong></span> <span class='ocrx_word' id='word_1_56' title='bbox 789 1322 964 1404; x_wconf 82' lang='lat' dir='ltr'><strong>quisquam</strong></span> <span class='ocrx_word' id='word_1_57' title='bbox 979 1322 1084 1410; x_wconf 83' lang='lat' dir='ltr'><strong>magis</strong></span> <span class='ocrx_word' id='word_1_58' title='bbox 1097 1324 1211 1388; x_wconf 86' lang='lat' dir='ltr'><strong>omnia</strong></span> <span class='ocrx_word' id='word_1_59' title='bbox 1225 1328 1336 1412; x_wconf 82' lang='lat' dir='ltr'><strong>tollat,</strong></span> 
     </span>
     <span class='ocr_line' id='line_1_10' title="bbox 426 1425 1170 1511; baseline 0 -19"><span class='ocrx_word' id='word_1_60' title='bbox 426 1432 468 1492; x_wconf 85' lang='lat' dir='ltr'><strong>Et</strong></span> <span class='ocrx_word' id='word_1_61' title='bbox 485 1429 565 1491; x_wconf 83' lang='lat' dir='ltr'><strong>velit</strong></span> <span class='ocrx_word' id='word_1_62' title='bbox 578 1425 706 1490; x_wconf 91' lang='lat' dir='ltr'><strong>ardoris</strong></span> <span class='ocrx_word' id='word_1_63' title='bbox 717 1435 873 1492; x_wconf 82' lang='lat' dir='ltr'><strong>naturam</strong></span> <span class='ocrx_word' id='word_1_64' title='bbox 884 1425 1038 1507; x_wconf 80' lang='lat' dir='ltr'>linquere</span> <span class='ocrx_word' id='word_1_65' title='bbox 1048 1429 1170 1511; x_wconf 87' lang='lat' dir='ltr'><strong>solam,</strong></span> 
     </span>
     <span class='ocr_line' id='line_1_11' title="bbox 429 1519 1428 1620; baseline 0.002 -22"><span class='ocrx_word' id='word_1_66' title='bbox 429 1539 538 1620; x_wconf 75' lang='lat' dir='ltr'><strong>Quam</strong></span> <span class='ocrx_word' id='word_1_67' title='bbox 549 1533 1000 1620; x_wconf 62' lang='lat' dir='ltr'><strong>neget‘esseigneasummam</strong></span> <span class='ocrx_word' id='word_1_68' title='bbox 1009 1543 1120 1602; x_wconf 69' lang='lat' dir='ltr'><strong>baren</strong></span> <span class='ocrx_word' id='word_1_69' title='bbox 1130 1555 1198 1602; x_wconf 89' lang='lat' dir='ltr'><strong>ease</strong></span> <span class='ocrx_word' id='word_1_70' title='bbox 1207 1536 1386 1618; x_wconf 72' lang='lat' dir='ltr'><strong>relinquas</strong></span> <span class='ocrx_word' id='word_1_71' title='bbox 1426 1519 1428 1528; x_wconf 41' lang='lat'><strong>¹</strong></span> 
     </span>
     <span class='ocr_line' id='line_1_12' title="bbox 428 1640 1293 1723; baseline 0.002 -19"><span class='ocrx_word' id='word_1_72' title='bbox 428 1644 543 1720; x_wconf 81' lang='lat' dir='ltr'><strong>Aequa</strong></span> <span class='ocrx_word' id='word_1_73' title='bbox 554 1640 686 1703; x_wconf 84' lang='lat' dir='ltr'><strong>videtur</strong></span> <span class='ocrx_word' id='word_1_74' title='bbox 697 1640 789 1702; x_wconf 85' lang='lat' dir='ltr'><strong>enirn</strong></span> <span class='ocrx_word' id='word_1_75' title='bbox 803 1641 970 1704; x_wconf 82' lang='lat' dir='ltr'><strong>dementia</strong></span> <span class='ocrx_word' id='word_1_76' title='bbox 984 1640 1094 1704; x_wconf 86' lang='lat' dir='ltr'><strong>dicere</strong></span> <span class='ocrx_word' id='word_1_77' title='bbox 1104 1651 1293 1723; x_wconf 67' lang='lat' dir='ltr'><strong>utrumque·</strong></span> 
     </span>
     <span class='ocr_line' id='line_1_13' title="bbox 471 1744 1385 1832; baseline 0.003 -23"><span class='ocrx_word' id='word_1_78' title='bbox 471 1751 698 1832; x_wconf 71' lang='lat' dir='ltr'><strong>Quapropter,</strong></span> <span class='ocrx_word' id='word_1_79' title='bbox 712 1745 772 1826; x_wconf 83' lang='lat' dir='ltr'><strong>qui</strong></span> <span class='ocrx_word' id='word_1_80' title='bbox 782 1744 954 1810; x_wconf 85' lang='lat' dir='ltr'><strong>materiem</strong></span> <span class='ocrx_word' id='word_1_81' title='bbox 964 1767 1076 1812; x_wconf 84' lang='lat' dir='ltr'><strong>rarum</strong></span> <span class='ocrx_word' id='word_1_82' title='bbox 1087 1767 1155 1814; x_wconf 84' lang='lat' dir='ltr'><strong>esse</strong></span> <span class='ocrx_word' id='word_1_83' title='bbox 1169 1757 1329 1830; x_wconf 77' lang='lat' dir='ltr'><strong>putarunt</strong></span> <span class='ocrx_word' id='word_1_84' title='bbox 1381 1787 1385 1794; x_wconf 91' lang='lat'><em>-</em></span> 
     </span>
     <span class='ocr_line' id='line_1_14' title="bbox 430 1851 1293 1941; baseline 0.001 -23"><span class='ocrx_word' id='word_1_85' title='bbox 430 1856 565 1941; x_wconf 85' lang='lat' dir='ltr'><strong>Ignem,</strong></span> <span class='ocrx_word' id='word_1_86' title='bbox 575 1864 677 1934; x_wconf 87' lang='lat' dir='ltr'><strong>atque</strong></span> <span class='ocrx_word' id='word_1_87' title='bbox 686 1873 726 1915; x_wconf 82' lang='lat' dir='ltr'><strong>err</strong></span> <span class='ocrx_word' id='word_1_88' title='bbox 736 1851 806 1938; x_wconf 84' lang='lat' dir='ltr'>igni</span> <span class='ocrx_word' id='word_1_89' title='bbox 816 1872 981 1914; x_wconf 87' lang='lat' dir='ltr'><strong>summam</strong></span> <span class='ocrx_word' id='word_1_90' title='bbox 992 1853 1168 1918; x_wconf 71' lang='lat' dir='ltr'><strong>consistere</strong></span> <span class='ocrx_word' id='word_1_91' title='bbox 1180 1873 1293 1938; x_wconf 73' lang='lat' dir='ltr'><strong>pusse3</strong></span> 
     </span>
    </p>
   </div>
   <div class='ocr_carea' id='block_1_3' title="bbox 357 1954 1162 2041">
    <p class='ocr_par' dir='ltr' id='par_1_3' title="bbox 357 1954 1162 2041">
     <span class='ocr_line' id='line_1_15' title="bbox 357 1954 1162 2041; baseline -0.002 -19"><span class='ocrx_word' id='word_1_92' title='bbox 357 1989 360 1996; x_wconf 54' lang='lat'><strong><em>¹</em></strong></span> <span class='ocrx_word' id='word_1_93' title='bbox 424 1961 473 2036; x_wconf 75' lang='lat' dir='ltr'><strong>¹Et</strong></span> <span class='ocrx_word' id='word_1_94' title='bbox 486 1958 545 2040; x_wconf 84' lang='lat' dir='ltr'><strong>qui</strong></span> <span class='ocrx_word' id='word_1_95' title='bbox 556 1955 759 2041; x_wconf 84' lang='lat' dir='ltr'><strong>principium</strong></span> <span class='ocrx_word' id='word_1_96' title='bbox 775 1954 956 2040; x_wconf 72' lang='lat' dir='ltr'><strong>gignuud&#39;u</strong></span> <span class='ocrx_word' id='word_1_97' title='bbox 970 1960 1048 2018; x_wconf 80' lang='lat' dir='ltr'><strong>aiira</strong></span> <span class='ocrx_word' id='word_1_98' title='bbox 1061 1958 1162 2020; x_wconf 77' lang='lat' dir='ltr'><strong>rebus</strong></span> 
     </span>
    </p>
   </div>
   <div class='ocr_carea' id='block_1_4' title="bbox 432 2059 1390 3320">
    <p class='ocr_par' dir='ltr' id='par_1_4' title="bbox 432 2059 1390 2469">
     <span class='ocr_line' id='line_1_16' title="bbox 432 2059 1292 2144; baseline -0.002 -20"><span class='ocrx_word' id='word_1_99' title='bbox 432 2063 656 2140; x_wconf 74' lang='lat' dir='ltr'><strong>Constituere3</strong></span> <span class='ocrx_word' id='word_1_100' title='bbox 670 2069 726 2122; x_wconf 88' lang='lat' dir='ltr'><strong>aut</strong></span> <span class='ocrx_word' id='word_1_101' title='bbox 737 2061 911 2124; x_wconf 83' lang='lat' dir='ltr'><strong>humorem</strong></span> <span class='ocrx_word' id='word_1_102' title='bbox 927 2059 1116 2141; x_wconf 79' lang='lat' dir='ltr'><strong>quicunque</strong></span> <span class='ocrx_word' id='word_1_103' title='bbox 1132 2069 1292 2144; x_wconf 88' lang='lat' dir='ltr'><strong>putarunt</strong></span> 
     </span>
     <span class='ocr_line' id='line_1_17' title="bbox 432 2167 1390 2254; baseline -0.002 -20"><span class='ocrx_word' id='word_1_104' title='bbox 432 2169 574 2254; x_wconf 84' lang='lat' dir='ltr'><strong>Fingere</strong></span> <span class='ocrx_word' id='word_1_105' title='bbox 587 2167 758 2250; x_wconf 79' lang='lat' dir='ltr'><strong>resipsom</strong></span> <span class='ocrx_word' id='word_1_106' title='bbox 768 2189 828 2249; x_wconf 91' lang='lat' dir='ltr'><strong>per</strong></span> <span class='ocrx_word' id='word_1_107' title='bbox 836 2187 886 2246; x_wconf 82' lang='lat' dir='ltr'><strong>se3</strong></span> <span class='ocrx_word' id='word_1_108' title='bbox 905 2175 1067 2231; x_wconf 76' lang='lat' dir='ltr'><strong>terramve</strong></span> <span class='ocrx_word' id='word_1_109' title='bbox 1082 2190 1196 2237; x_wconf 78' lang='lat' dir='ltr'><strong>creare</strong></span> <span class='ocrx_word' id='word_1_110' title='bbox 1332 2193 1390 2254; x_wconf 81' lang='lat'><strong>7¹⁰</strong></span> 
     </span>
     <span class='ocr_line' id='line_1_18' title="bbox 435 2270 1257 2355; baseline 0.007 -19"><span class='ocrx_word' id='word_1_111' title='bbox 435 2275 576 2355; x_wconf 90' lang='lat' dir='ltr'><strong>Omnia,</strong></span> <span class='ocrx_word' id='word_1_112' title='bbox 599 2283 631 2334; x_wconf 89' lang='lat' dir='ltr'><strong>et</strong></span> <span class='ocrx_word' id='word_1_113' title='bbox 649 2270 685 2333; x_wconf 85' lang='lat' dir='ltr'><strong>in</strong></span> <span class='ocrx_word' id='word_1_114' title='bbox 696 2293 809 2334; x_wconf 86' lang='lat' dir='ltr'><strong>rerum</strong></span> <span class='ocrx_word' id='word_1_115' title='bbox 822 2280 956 2335; x_wconf 86' lang='lat' dir='ltr'><strong>naturas</strong></span> <span class='ocrx_word' id='word_1_116' title='bbox 973 2272 1096 2336; x_wconf 84' lang='lat' dir='ltr'><strong>vortier</strong></span> <span class='ocrx_word' id='word_1_117' title='bbox 1107 2275 1257 2354; x_wconf 77' lang='lat' dir='ltr'><strong>omneis3</strong></span> 
     </span>
     <span class='ocr_line' id='line_1_19' title="bbox 435 2376 1219 2469; baseline 0.001 -23"><span class='ocrx_word' id='word_1_118' title='bbox 435 2383 640 2469; x_wconf 85' lang='lat' dir='ltr'><strong>Magnopcre</strong></span> <span class='ocrx_word' id='word_1_119' title='bbox 655 2397 767 2442; x_wconf 80' lang='lat' dir='ltr'><strong>avaro</strong></span> <span class='ocrx_word' id='word_1_120' title='bbox 781 2379 875 2466; x_wconf 89' lang='lat' dir='ltr'><strong>longi</strong></span> <span class='ocrx_word' id='word_1_121' title='bbox 891 2376 1040 2444; x_wconf 73' lang='lat' dir='ltr'><strong>derrasse</strong></span> <span class='ocrx_word' id='word_1_122' title='bbox 1054 2380 1219 2446; x_wconf 81' lang='lat' dir='ltr'><strong>videntur.</strong></span> 
     </span>
    </p>

    <p class='ocr_par' dir='ltr' id='par_1_5' title="bbox 437 2486 1389 3320">
     <span class='ocr_line' id='line_1_20' title="bbox 477 2486 1389 2575; baseline 0.007 -23"><span class='ocrx_word' id='word_1_123' title='bbox 477 2489 570 2552; x_wconf 82' lang='lat' dir='ltr'><strong>Adde</strong></span> <span class='ocrx_word' id='word_1_124' title='bbox 584 2486 701 2567; x_wconf 89' lang='lat' dir='ltr'><strong>etiam,</strong></span> <span class='ocrx_word' id='word_1_125' title='bbox 714 2486 773 2566; x_wconf 88' lang='lat' dir='ltr'><strong>qui</strong></span> <span class='ocrx_word' id='word_1_126' title='bbox 786 2487 1021 2570; x_wconf 72' lang='lat' dir='ltr'><strong>conduplicant</strong></span> <span class='ocrx_word' id='word_1_127' title='bbox 1035 2490 1220 2572; x_wconf 84' lang='lat' dir='ltr'><strong>primordia</strong></span> <span class='ocrx_word' id='word_1_128' title='bbox 1233 2513 1362 2575; x_wconf 84' lang='lat' dir='ltr'><strong>rerum,</strong></span> <span class='ocrx_word' id='word_1_129' title='bbox 1385 2537 1389 2544; x_wconf 90' lang='lat'>-</span> 
     </span>
     <span class='ocr_line' id='line_1_21' title="bbox 437 2591 1259 2679; baseline 0.001 -21"><span class='ocrx_word' id='word_1_130' title='bbox 437 2597 524 2658; x_wconf 63' lang='lat' dir='ltr'><strong>Adra</strong></span> <span class='ocrx_word' id='word_1_131' title='bbox 540 2591 716 2679; x_wconf 86' lang='lat' dir='ltr'><strong>iungentes</strong></span> <span class='ocrx_word' id='word_1_132' title='bbox 729 2591 816 2678; x_wconf 89' lang='lat' dir='ltr'><strong>igni,</strong></span> <span class='ocrx_word' id='word_1_133' title='bbox 834 2603 1020 2675; x_wconf 78' lang='lat' dir='ltr'><strong>terramque</strong></span> <span class='ocrx_word' id='word_1_134' title='bbox 1035 2595 1177 2677; x_wconf 70' lang='lat' dir='ltr'><strong>liquori,</strong></span> <span class='ocrx_word' id='word_1_135' title='bbox 1249 2607 1259 2630; x_wconf 85' lang='lat'><strong>·</strong></span> 
     </span>
     <span class='ocr_line' id='line_1_22' title="bbox 437 2697 1264 2784; baseline 0.005 -23"><span class='ocrx_word' id='word_1_136' title='bbox 437 2701 479 2761; x_wconf 85' lang='lat' dir='ltr'><strong>Et</strong></span> <span class='ocrx_word' id='word_1_137' title='bbox 489 2697 547 2780; x_wconf 89' lang='lat' dir='ltr'><strong>qui</strong></span> <span class='ocrx_word' id='word_1_138' title='bbox 562 2706 705 2777; x_wconf 79' lang='lat' dir='ltr'><strong>qrratuor</strong></span> <span class='ocrx_word' id='word_1_139' title='bbox 718 2716 762 2758; x_wconf 86' lang='lat' dir='ltr'><strong>ex</strong></span> <span class='ocrx_word' id='word_1_140' title='bbox 777 2697 875 2768; x_wconf 87' lang='lat' dir='ltr'><strong>rebus</strong></span> <span class='ocrx_word' id='word_1_141' title='bbox 888 2717 984 2780; x_wconf 90' lang='lat' dir='ltr'><strong>posse</strong></span> <span class='ocrx_word' id='word_1_142' title='bbox 997 2699 1113 2764; x_wconf 85' lang='lat' dir='ltr'><strong>omnia</strong></span> <span class='ocrx_word' id='word_1_143' title='bbox 1131 2710 1264 2784; x_wconf 82' lang='lat' dir='ltr'><strong>rentur,</strong></span> 
     </span>
     <span class='ocr_line' id='line_1_23' title="bbox 439 2805 1345 2894; baseline 0.009 -26"><span class='ocrx_word' id='word_1_144' title='bbox 439 2807 488 2868; x_wconf 85' lang='lat' dir='ltr'><strong>Ex</strong></span> <span class='ocrx_word' id='word_1_145' title='bbox 498 2805 582 2892; x_wconf 86' lang='lat' dir='ltr'><strong>igni,</strong></span> <span class='ocrx_word' id='word_1_146' title='bbox 595 2815 697 2887; x_wconf 85' lang='lat' dir='ltr'><strong>terra,</strong></span> <span class='ocrx_word' id='word_1_147' title='bbox 708 2807 944 2890; x_wconf 83' lang='lat' dir='ltr'><strong>atqueanima,</strong></span> <span class='ocrx_word' id='word_1_148' title='bbox 960 2829 1183 2894; x_wconf 85' lang='lat' dir='ltr'><strong>procrescere,</strong></span> <span class='ocrx_word' id='word_1_149' title='bbox 1193 2823 1227 2874; x_wconf 86' lang='lat' dir='ltr'><strong>et</strong></span> <span class='ocrx_word' id='word_1_150' title='bbox 1236 2811 1345 2876; x_wconf 82' lang='lat' dir='ltr'><strong>imbri·</strong></span> 
     </span>
     <span class='ocr_line' id='line_1_24' title="bbox 440 2913 1355 3000; baseline 0.01 -28"><span class='ocrx_word' id='word_1_151' title='bbox 440 2913 592 2996; x_wconf 80' lang='lat' dir='ltr'><strong>Quorum</strong></span> <span class='ocrx_word' id='word_1_152' title='bbox 609 2913 847 2998; x_wconf 78' lang='lat' dir='ltr'><strong>Acragantinus</strong></span> <span class='ocrx_word' id='word_1_153' title='bbox 863 2913 1054 2998; x_wconf 80' lang='lat' dir='ltr'><strong>cumprimis</strong></span> <span class='ocrx_word' id='word_1_154' title='bbox 1065 2918 1279 3000; x_wconf 81' lang='lat' dir='ltr'><strong>Empedocles</strong></span> <span class='ocrx_word' id='word_1_155' title='bbox 1290 2928 1355 2984; x_wconf 77' lang='lat' dir='ltr'><strong>cst:</strong></span> 
     </span>
     <span class='ocr_line' id='line_1_25' title="bbox 439 3018 1278 3110; baseline 0.015 -33"><span class='ocrx_word' id='word_1_156' title='bbox 439 3018 554 3081; x_wconf 85' lang='lat' dir='ltr'><strong>Insula</strong></span> <span class='ocrx_word' id='word_1_157' title='bbox 566 3037 665 3100; x_wconf 86' lang='lat' dir='ltr'><strong>quern</strong></span> <span class='ocrx_word' id='word_1_158' title='bbox 678 3020 845 3101; x_wconf 79' lang='lat' dir='ltr'><strong>trirpratris</strong></span> <span class='ocrx_word' id='word_1_159' title='bbox 859 3033 1019 3086; x_wconf 86' lang='lat' dir='ltr'><strong>terrarum</strong></span> <span class='ocrx_word' id='word_1_160' title='bbox 1035 3024 1134 3110; x_wconf 85' lang='lat' dir='ltr'><strong>gessit</strong></span> <span class='ocrx_word' id='word_1_161' title='bbox 1144 3024 1180 3086; x_wconf 88' lang='lat' dir='ltr'><strong>in</strong></span> <span class='ocrx_word' id='word_1_162' title='bbox 1191 3024 1278 3102; x_wconf 76' lang='lat' dir='ltr'><strong>ories</strong></span> 
     </span>
     <span class='ocr_line' id='line_1_26' title="bbox 442 3125 1343 3215; baseline 0.009 -27"><span class='ocrx_word' id='word_1_163' title='bbox 442 3129 552 3212; x_wconf 76' lang='lat' dir='ltr'><strong>Quam</strong></span> <span class='ocrx_word' id='word_1_164' title='bbox 563 3127 693 3192; x_wconf 77' lang='lat' dir='ltr'><strong>fluitans</strong></span> <span class='ocrx_word' id='word_1_165' title='bbox 705 3127 832 3192; x_wconf 82' lang='lat' dir='ltr'><strong>circum</strong></span> <span class='ocrx_word' id='word_1_166' title='bbox 848 3125 978 3215; x_wconf 80' lang='lat' dir='ltr'><strong>magnis</strong></span> <span class='ocrx_word' id='word_1_167' title='bbox 986 3131 1204 3198; x_wconf 70' lang='lat' dir='ltr'><strong>ambactibus</strong></span> <span class='ocrx_word' id='word_1_168' title='bbox 1215 3151 1343 3214; x_wconf 83' lang='lat' dir='ltr'><strong>aequor</strong></span> 
     </span>
     <span class='ocr_line' id='line_1_27' title="bbox 441 3231 1192 3320; baseline 0.008 -28"><span class='ocrx_word' id='word_1_169' title='bbox 441 3231 576 3294; x_wconf 86' lang='lat' dir='ltr'><strong>Ionium</strong></span> <span class='ocrx_word' id='word_1_170' title='bbox 590 3232 715 3318; x_wconf 88' lang='lat' dir='ltr'><strong>glaucis</strong></span> <span class='ocrx_word' id='word_1_171' title='bbox 732 3233 897 3320; x_wconf 81' lang='lat' dir='ltr'><strong>adspergit</strong></span> <span class='ocrx_word' id='word_1_172' title='bbox 913 3234 1004 3298; x_wconf 88' lang='lat' dir='ltr'><strong>virus</strong></span> <span class='ocrx_word' id='word_1_173' title='bbox 1021 3235 1192 3318; x_wconf 86' lang='lat' dir='ltr'><strong>abundis,</strong></span> 
     </span>
    </p>
   </div>
   <div class='ocr_carea' id='block_1_5' title="bbox 318 3336 1281 3420">
    <p class='ocr_par' dir='ltr' id='par_1_6' title="bbox 318 3336 1281 3420">
     <span class='ocr_line' id='line_1_28' title="bbox 318 3336 1281 3420; baseline 0.013 -26"><span class='ocrx_word' id='word_1_174' title='bbox 318 3387 321 3395; x_wconf 75' lang='grc'>,</span> <span class='ocrx_word' id='word_1_175' title='bbox 441 3337 654 3419; x_wconf 87' lang='lat' dir='ltr'><strong>Angustoque</strong></span> <span class='ocrx_word' id='word_1_176' title='bbox 668 3336 754 3398; x_wconf 84' lang='lat' dir='ltr'><strong>fretu</strong></span> <span class='ocrx_word' id='word_1_177' title='bbox 771 3338 926 3420; x_wconf 86' lang='lat' dir='ltr'><strong>rapidum</strong></span> <span class='ocrx_word' id='word_1_178' title='bbox 941 3361 1032 3406; x_wconf 88' lang='lat' dir='ltr'><strong>mare</strong></span> <span class='ocrx_word' id='word_1_179' title='bbox 1049 3340 1169 3406; x_wconf 87' lang='lat' dir='ltr'><strong>dividit</strong></span> <span class='ocrx_word' id='word_1_180' title='bbox 1181 3339 1281 3416; x_wconf 83' lang='lat' dir='ltr'><strong>undis</strong></span> 
     </span>
    </p>
   </div>
   <div class='ocr_carea' id='block_1_6' title="bbox 443 3435 1112 3513">
    <p class='ocr_par' dir='ltr' id='par_1_7' title="bbox 443 3435 1112 3513">
     <span class='ocr_line' id='line_1_29' title="bbox 443 3435 1112 3513; baseline 0.021 -13"><span class='ocrx_word' id='word_1_181' title='bbox 443 3435 577 3502; x_wconf 83' lang='lat' dir='ltr'><strong>Aeoliae</strong></span> <span class='ocrx_word' id='word_1_182' title='bbox 591 3447 753 3502; x_wconf 84' lang='lat' dir='ltr'><strong>terrarum</strong></span> <span class='ocrx_word' id='word_1_183' title='bbox 769 3461 843 3506; x_wconf 88' lang='lat' dir='ltr'><strong>cras</strong></span> <span class='ocrx_word' id='word_1_184' title='bbox 855 3465 875 3506; x_wconf 87' lang='lat' dir='ltr'><strong>a</strong></span> <span class='ocrx_word' id='word_1_185' title='bbox 888 3445 1009 3513; x_wconf 87' lang='lat' dir='ltr'><strong>finibus</strong></span> <span class='ocrx_word' id='word_1_186' title='bbox 1024 3448 1112 3513; x_wconf 80' lang='lat' dir='ltr'><strong>siuas</strong></span> 
     </span>
    </p>
   </div>
   <div class='ocr_carea' id='block_1_7' title="bbox 443 3537 1350 3856">
    <p class='ocr_par' dir='ltr' id='par_1_8' title="bbox 443 3537 1350 3856">
     <span class='ocr_line' id='line_1_30' title="bbox 443 3537 1350 3634; baseline 0.018 -27"><span class='ocrx_word' id='word_1_187' title='bbox 443 3537 508 3607; x_wconf 88' lang='lat' dir='ltr'><strong>Hic</strong></span> <span class='ocrx_word' id='word_1_188' title='bbox 517 3553 565 3607; x_wconf 85' lang='lat' dir='ltr'><strong>est</strong></span> <span class='ocrx_word' id='word_1_189' title='bbox 582 3555 672 3609; x_wconf 87' lang='lat' dir='ltr'><strong>vasta</strong></span> <span class='ocrx_word' id='word_1_190' title='bbox 684 3548 889 3634; x_wconf 76' lang='lat' dir='ltr'><strong>Charybdis,</strong></span> <span class='ocrx_word' id='word_1_191' title='bbox 904 3563 936 3616; x_wconf 85' lang='lat' dir='ltr'><strong>et</strong></span> <span class='ocrx_word' id='word_1_192' title='bbox 951 3546 1164 3620; x_wconf 70' lang='lat' dir='ltr'><strong>hicdetuaea</strong></span> <span class='ocrx_word' id='word_1_193' title='bbox 1179 3557 1350 3623; x_wconf 83' lang='lat' dir='ltr'><strong>minantur</strong></span> 
     </span>
     <span class='ocr_line' id='line_1_31' title="bbox 444 3648 1328 3747; baseline 0.027 -42"><span class='ocrx_word' id='word_1_194' title='bbox 444 3648 634 3740; x_wconf 72' lang='lat' dir='ltr'><strong>Murmura,</strong></span> <span class='ocrx_word' id='word_1_195' title='bbox 648 3649 855 3716; x_wconf 83' lang='lat' dir='ltr'><strong>flammarum</strong></span> <span class='ocrx_word' id='word_1_196' title='bbox 869 3675 999 3720; x_wconf 82' lang='lat' dir='ltr'><strong>mrsum</strong></span> <span class='ocrx_word' id='word_1_197' title='bbox 1011 3679 1050 3723; x_wconf 88' lang='lat' dir='ltr'><strong>se</strong></span> <span class='ocrx_word' id='word_1_198' title='bbox 1062 3660 1231 3747; x_wconf 84' lang='lat' dir='ltr'><strong>conligere</strong></span> <span class='ocrx_word' id='word_1_199' title='bbox 1243 3664 1328 3747; x_wconf 87' lang='lat' dir='ltr'><strong>iras,</strong></span> 
     </span>
     <span class='ocr_line' id='line_1_32' title="bbox 445 3749 1260 3856; baseline 0.031 -44"><span class='ocrx_word' id='word_1_200' title='bbox 445 3751 606 3816; x_wconf 86' lang='lat' dir='ltr'><strong>Faucibus</strong></span> <span class='ocrx_word' id='word_1_201' title='bbox 615 3765 747 3838; x_wconf 82' lang='lat' dir='ltr'><strong>eruptos</strong></span> <span class='ocrx_word' id='word_1_202' title='bbox 755 3749 876 3824; x_wconf 80' lang='lat' dir='ltr'><strong>iteruin</strong></span> <span class='ocrx_word' id='word_1_203' title='bbox 886 3773 924 3824; x_wconf 89' lang='lat' dir='ltr'><strong>ut</strong></span> <span class='ocrx_word' id='word_1_204' title='bbox 935 3758 983 3828; x_wconf 81' lang='lat' dir='ltr'><strong>v&#39;is</strong></span> <span class='ocrx_word' id='word_1_205' title='bbox 993 3779 1124 3832; x_wconf 75' lang='lat' dir='ltr'><strong>evomat</strong></span> <span class='ocrx_word' id='word_1_206' title='bbox 1136 3768 1260 3856; x_wconf 88' lang='lat' dir='ltr'><strong>igneis,</strong></span> 
     </span>
    </p>
   </div>
   <div class='ocr_carea' id='block_1_8' title="bbox 445 3859 1333 3966">
    <p class='ocr_par' dir='ltr' id='par_1_9' title="bbox 445 3859 1333 3966">
     <span class='ocr_line' id='line_1_33' title="bbox 445 3859 1333 3966; baseline 0.03 -45"><span class='ocrx_word' id='word_1_207' title='bbox 445 3859 949 3946; x_wconf 77' lang='lat' dir='ltr'><strong>ddcoalumqueieratflammai</strong></span> <span class='ocrx_word' id='word_1_208' title='bbox 962 3874 1094 3966; x_wconf 83' lang='lat' dir='ltr'><strong>fulgura</strong></span> <span class='ocrx_word' id='word_1_209' title='bbox 1105 3899 1249 3944; x_wconf 79' lang='lat' dir='ltr'><strong>nusum.</strong></span> <span class='ocrx_word' id='word_1_210' title='bbox 1327 3914 1333 3924; x_wconf 81' lang='lat'>=</span> 
     </span>
    </p>
   </div>
   <div class='ocr_carea' id='block_1_9' title="bbox 0 0 1567 5126">
    <p class='ocr_par' dir='ltr' id='par_1_10' title="bbox 0 0 1567 5126">
     <span class='ocr_line' id='line_1_34' title="bbox 0 0 1567 5126; baseline 0 0"><span class='ocrx_word' id='word_1_211' title='bbox 0 0 1567 5126; x_wconf 95' lang='lat' dir='ltr'><strong> </strong></span> 
     </span>
    </p>
   </div>
  </div>
 </body>
</html>
