3034 5114
321 387 326 392 ’
378 387 466 490 190
640 387 1153 471 neuenuuurru'nr
1220 409 1343 484 urst.

425 545 530 614 Mixta
545 565 684 632 vapore3
699 567 804 632 vapor
816 565 917 631 porro
933 533 1035 610 trahit
1050 551 1137 612 a'era
1147 566 1275 626 secum3

424 657 493 718 Nee
509 655 599 718 calor
615 658 662 718 est
675 653 866 735 quisquam,
882 652 962 734 quoi
972 672 1043 714 non
1050 651 1092 734 sit
1101 650 1222 717 mixtus
1233 663 1265 716 et
1277 657 1344 715 a'cr.

425 761 615 848 Rara-quod
624 759 694 839 eius
704 758 794 824 enim
806 765 933 822 constat
942 766 1077 836 natura,
1095 777 1226 858 qceessc
1237 765 1285 822 est

426 867 618 947 Aerisinter
634 886 711 930 eum
726 865 909 949 primordia
921 866 1027 929 multa
1043 867 1180 930 moveri.

373 951 378 962 ’
466 973 537 1034 Iam
550 971 669 1055 triplex
680 969 785 1034 animi
800 979 848 1035 est
859 969 962 1056 igitur
979 979 1097 1033 natura
1110 978 1250 1054 reperta·

426 1077 494 1138 Nec
506 1084 615 1137 tamen
627 1075 851 1138 haeesatsunt
861 1073 1044 1138 adsensum
1057 1083 1175 1138 cuncta
1189 1066 1384 1150 errandum

353 1171 355 1175 ’
427 1180 483 1244 Nil
492 1170 611 1251 hoium
626 1179 786 1262 quoniam
796 1179 914 1263 recipit
929 1199 1021 1244 mens
1035 1197 1130 1263 posse
1147 1200 1259 1243 creare

396 1304 402 1315 ¹
428 1281 607 1347 sensiferos
624 1291 748 1364 motus,
762 1283 925 1364 quaedam
940 1282 999 1364 qui
1015 1291 1126 1346 mente
1138 1285 1301 1348 volutant.

291 1395 297 1405 ²
414 1393 415 1397 ’
428 1391 554 1472 Quarta
567 1407 700 1470 quoque
710 1388 762 1452 his
772 1387 875 1476 igitur
886 1391 1049 1472 quaedam
1062 1371 1181 1454 natura
1190 1407 1323 1468 necesse
1334 1393 1380 1452 est

428 1491 653 1556 Attribuatur:
666 1509 706 1554 ea
720 1501 771 1556 est
778 1491 916 1556 omnino
926 1491 1070 1556 nominis
1085 1513 1218 1578 expers:
1294 1521 1296 1524 ·

429 1591 1386 1680 Quanequemobiliusquidquam‚nequetenuius,exstat‚

429 1697 498 1758 Nee
509 1693 614 1780 magis
627 1705 675 1756 est
687 1694 798 1777 parvis
807 1705 838 1757 et
850 1696 999 1761 laevibus
1008 1717 1050 1762 ex
1060 1699 1245 1778 elementis;
1366 1685 1374 1700 ’

430 1796 611 1861 Sensiferos
625 1807 827 1878 motusquae
845 1795 930 1864 didit
946 1798 1054 1884 prima
1071 1821 1133 1885 per
1146 1811 1246 1879 astris.

384 1973 390 1989 ,
426 1905 541 1988 Prima
555 1905 660 1970 cietur
671 1905 761 1970 enim
769 1952 779 1988 ,
792 1906 903 1990 parvis
916 1909 1062 1991 perfecta
1077 1907 1193 2011 figuris
1201 1931 1211 1989 ς
1228 1909 1234 1922 ’

430 2012 515 2075 Inde
529 2012 619 2074 calor
630 2023 754 2090 motus,
771 2022 803 2072 et
815 2011 906 2074 venti
924 2033 1020 2101 caeca
1032 2018 1190 2098 potestas,

343 2113 348 2124 ’
431 2112 573 2198 Accipit3
588 2115 665 2177 inde
679 2114 843 2191 aeninde
853 2116 966 2183 omnia
976 2117 1233 2212 mobilitanturs·
1264 2141 1266 2148 ’
1333 2136 1387 2204 249

433 2221 629 2286 Concutitur
638 2221 788 2306 sanguis,
806 2232 875 2284 tum
886 2220 1011 2286 visecra
1024 2222 1265 2307 persentiscunt

433 2327 574 2403 Omnia3
588 2326 759 2408 postremis
774 2328 872 2392 datur
882 2322 1025 2410 ossibus,
1042 2337 1140 2410 atque
1155 2329 1333 2416 medullis,

422 2433 508 2516 ¹Sive
523 2433 674 2515 voluptas
690 2443 751 2513 est,
763 2433 832 2495 sive
845 2443 892 2498 est
903 2434 1089 2500 ,contrarius
1105 2437 1216 2500 ardor.

432 2539 501 2602 Nec
511 2537 724 2603 temerehue
741 2535 837 2606 dolor
851 2539 954 2619 usquc
968 2546 1076 2620 potest
1087 2549 1278 2625 penetrare,
1304 2563 1307 2570 ’

872 2705 875 2710 .
959 2663 1070 2726 neque
1083 2661 1159 2708 acre
1221 2643 1223 2646 ’

434 2733 632 2810 Permanere
641 2747 783 2830 malum,
799 2745 880 2829 quin
890 2745 1001 2810 omnia
1016 2751 1269 2831 perturbentur:

434 2854 545 2935 Usque
559 2855 642 2920 adeo
654 2863 691 2917 ut
704 2853 793 2944 vitae
808 2851 890 2917 desit
904 2856 1014 2936 locus,
1031 2865 1129 2936 atque
1141 2855 1266 2922 animai

433 2953 619 3046 Diffugient
632 2943 741 3043 partes
756 2979 816 3042 per
828 2961 938 3022 caulas
950 2958 1098 3044 eorporis
1110 2963 1247 3028 omneis.
1296 2953 1306 2976 ⁰

435 3064 499 3128 Sed
508 3065 704 3146 plerumque
713 3061 767 3145 fit,
777 3050 953 3154 in'summo
967 3063 1061 3146 quasi
1074 3083 1231 3148 corpore,
1246 3067 1322 3134 finis

435 3151 595 3233 Motibus:
612 3171 698 3232 hane
709 3171 753 3232 ob
766 3191 836 3234 rem
851 3169 954 3232 vitam
969 3169 1110 3234 retinere
1121 3173 1278 3238 valemus.

429 3357 432 3364 ι
467 3277 586 3356 Nune,
600 3293 639 3338 ea
649 3294 717 3356 quo
725 3284 823 3357 pacto
833 3275 919 3339 inter
928 3297 997 3340 sese
1010 3277 1130 3360 urixta,
1145 3279 1332 3364 quibusque

437 3381 553 3454 Comta
565 3379 672 3444 modis
686 3380 835 3466 vigeant,
848 3382 1009 3454 rationem
1022 3385 1159 3449 reddere
1170 3399 1322 3452 aventem

435 3479 602 3568 Abstrahit
610 3485 752 3552 inritum
763 3486 862 3570 patrii
873 3490 1033 3554 sermonis
1044 3502 1186 3576 egestas:

435 3595 500 3658 sed
514 3604 640 3676 nmen,
656 3606 693 3658 ut
707 3605 823 3678 potero
835 3595 1027 3680 summatim
1037 3597 1214 3684 attingere,
1225 3610 1365 3690 tangam.

476 3701 667 3790 intererint
686 3713 817 3766 cursant
829 3704 1030 3788 primordia,
1049 3697 1291 3790 principiorum

411 3785 419 3802 '
438 3804 583 3870 Motibus
593 3802 681 3868 inter
692 3825 743 3888 se,
760 3805 847 3872 nihil
860 3818 898 3872 ut
913 3809 1077 3876 secernier
1090 3831 1196 3896 unuru
