3056 5126
439 453 479 500 n
635 435 705 498 DE
733 436 929 498 RERUM
959 433 1178 498 NATURA
1229 435 1359 497 uenio.
1472 443 1473 448 ’

436 575 585 642 Discidio
600 577 741 640 redeunt
753 575 790 640 in
804 563 945 660 corpore
956 575 1114 640 materiai.

477 684 662 762 Postremo,
672 689 811 764 pereunt
819 681 959 762 imbres,
976 680 1034 744 ubi
1046 700 1101 744 eos
1112 687 1205 763 pater
1221 681 1351 746 Aether

437 787 478 851 In
494 788 658 876 gremium
674 787 787 849 matris
797 789 911 850 Terrai
927 786 1171 870 praecipitavit:
1294 875 1299 880 μ

438 891 482 954 At
496 890 617 952 nitidae
631 897 771 973 surgunt
783 889 913 974 fruges,
931 890 1082 972 ramique
1097 888 1265 954 virescunt

438 989 635 1066 Arboribns3
650 1000 798 1054 creseunt
810 991 916 1074 ipsae,
936 991 1070 1074 fetuque
1083 1001 1278 1078 gravantur.

438 1095 527 1158 Hinc
538 1095 638 1162 alitur
650 1115 750 1179 porro
764 1107 912 1160 nostrum
927 1117 1044 1182 genus,
1064 1106 1163 1176 atque
1178 1095 1343 1160 ferarum:

437 1200 527 1266 Hinc
545 1203 644 1264 laetas
659 1201 773 1266 urbeis
782 1199 924 1285 pueri-m
935 1183 1051 1266 florere
1069 1201 1237 1284 uidemus,
1371 1284 1375 1297 Ι

438 1307 714 1388 Frundiferasque
727 1307 948 1372 noui-navibus
963 1289 1079 1372 canere
1090 1307 1237 1388 undique
1246 1299 1374 1373 silvani

439 1410 528 1474 Hinc
539 1411 640 1478 fessae
653 1414 800 1495 pecudes.
807 1411 946 1500 pingues
962 1435 1022 1496 per
1031 1415 1155 1498 pabula
1166 1414 1251 1477 laeta

441 1521 588 1602 Corpora
601 1521 792 1602 deponunt,
807 1531 840 1582 et
854 1521 997 1584 candens
1010 1522 1134 1584 lacteus
1147 1522 1270 1586 humor

440 1620 605 1684 Uberibus
617 1631 729 1686 manat
743 1621 907 1687 distentis:
923 1623 1003 1688 hinc
1020 1643 1108 1688 nora
1123 1625 1238 1706 proles

440 1729 584 1791 Artuhus
597 1727 736 1814 infirmis
754 1738 879 1792 teneras
891 1729 1214 1813 laseivaperherbas
1329 1777 1331 1784 t

440 1831 657 1914 Ludit,aiacte
674 1853 766 1896 mero
781 1816 919 1896 menteis
936 1834 1088 1917 perculsa
1104 1834 1264 1896 novellas.

391 1944 395 1958 '
440 1937 541 1999 Haud
550 1935 652 2022 igitur
661 1919 793 2019 penitus
802 1946 942 2022 pereunt
960 1955 1176 2018 quaecunque
1189 1933 1366 1997 videntur:

387 2071 390 2078 ·
442 2043 585 2125 Quando
595 2043 664 2104 alid
675 2065 715 2105 ex
727 2043 794 2106 alin
807 2041 911 2104 reficit
921 2054 1058 2124 natura,
1071 2064 1133 2106 nee
1144 2042 1249 2105 ullam

441 2145 525 2207 Rem
537 2143 629 2230 gigni
644 2143 788 2225 patitur,
805 2142 867 2206 nisi
878 2153 983 2202 morte
997 2142 1110 2206 adiuta
1127 2141 1244 2204 aliena.
1345 2143 1408 2204 265

480 2249 579 2312 Nunc
593 2267 668 2329 age,
682 2268 733 2308 res
748 2246 903 2326 quoniam
918 2247 1017 2308 docui
1034 2265 1101 2306 non
1112 2265 1206 2328 posse
1224 2244 1334 2310 creari
1353 2301 1362 2316 .

444 2347 494 2407 De
509 2343 631 2426 nihilo,
646 2331 752 2428 neque
765 2348 843 2409 item
858 2347 983 2434 genitas
996 2351 1038 2410 ad
1053 2349 1101 2412 nil
1119 2349 1290 2426 revocari,

444 2453 494 2512 Ne
510 2471 575 2531 qua
586 2449 670 2512 forte
689 2460 798 2512 tamen
817 2463 946 2534 coeptes
962 2451 1112 2544 diffidere
1128 2453 1240 2533 dictis,

446 2556 546 2639 Quod
561 2565 729 2634 nequeunt
746 2555 850 2620 oculis
867 2577 978 2618 rerum
993 2554 1175 2637 primordia
1193 2553 1282 2618 cerni
1290 2577 1306 2632 ς,

445 2657 566 2739 Accipe
580 2668 766 2741 praeterea,
776 2678 861 2738 quae
873 2678 1012 2740 corpora
1025 2668 1092 2722 tute
1106 2641 1235 2722 necesse
1246 2672 1295 2723 est
1317 2735 1322 2750 ,
1395 2650 1401 2659 ’

447 2763 631 2828 confiteare
651 2784 716 2832 esse
735 2765 772 2827 in
789 2767 903 2848 rebus,
923 2788 984 2829 nec
1000 2786 1095 2850 posse
1114 2765 1232 2830 videri.

485 2873 672 2958 Principio,
685 2876 776 2940 venti
793 2874 842 2938 vis
855 2875 1005 2938 verberat
1023 2873 1125 2937 incita
1140 2882 1300 2958 pontum,

444 2983 675 3070 Ingenteisque
690 2985 758 3048 ruit
771 2983 899 3066 naveis,
917 2993 949 3046 et
969 2981 1084 3046 nubila
1102 2978 1227 3059 differt3

445 3089 632 3172 Interdum,
651 3089 767 3173 rapido
781 3109 977 3172 percurrens
999 3086 1148 3168 turbine,
1168 3105 1303 3170 campos

445 3188 624 3255 Arboribus
637 3189 764 3276 magnis
776 3185 905 3270 sternit,
924 3189 1132 3268 monteisque
1142 3206 1319 3272 supremos

444 3292 626 3377 Silvifragis
639 3305 736 3358 vexat
750 3294 875 3357 tlabris:
897 3293 943 3354 ita
959 3291 1099 3376 perfurit
1113 3291 1181 3354 acri

447 3404 532 3462 Cum
546 3401 700 3480 fremitu,
718 3402 885 3480 saevitque
899 3399 1025 3464 minaei
1042 3420 1228 3483 murmure,
1248 3412 1388 3485 pontus.

448 3509 530 3569 Sunt
538 3503 640 3590 igitur
650 3506 761 3568 ventei
771 3505 930 3574 nimirum
944 3523 1083 3588 corpora
1096 3525 1209 3588 caeca,
1332 3479 1335 3497 ι

447 3614 544 3697 Quae
551 3629 643 3674 mare
648 3655 658 3692 ,
671 3629 755 3690 quae
766 3619 866 3674 terras
871 3655 881 3694 ,
894 3631 979 3691 quae
992 3611 1134 3694 denique
1148 3615 1264 3678 nubila
1274 3618 1364 3682 coeli

448 3722 609 3799 Verrunt,
628 3735 667 3780 ae
677 3716 785 3782 subito
803 3717 956 3783 vexantia
973 3719 1103 3784 turbine
1120 3730 1261 3806 raptant.

448 3826 515 3890 Nec
530 3820 660 3890 ratione
676 3823 783 3888 tluunt
797 3821 881 3910 alia,
898 3833 1104 3912 stragemque
1119 3803 1321 3914 propagant,
