3056 5126
391 445 397 452 ·
464 452 504 514 ao
670 431 1183 517 nnunuununruun
1257 437 1377 517 unu

504 583 707 673 Quinetiam
725 589 846 673 passim
860 587 978 654 nostris
991 590 1027 654 in
1042 585 1191 654 versibus
1206 588 1287 676 ipsis

411 675 412 681 ἵ
462 697 569 758 Multa
579 696 740 760 elementa
754 695 863 776 vides,
879 695 992 760 multis
1008 697 1200 762 communia
1210 699 1337 766 verbis:

464 804 574 886 Quom
591 813 700 865 tamen
718 801 805 866 inter
817 821 852 866 se
864 823 992 885 versus,
1011 823 1050 866 ac
1061 806 1176 887 verba,
1194 822 1326 870 neeesse
1338 814 1383 872 est

413 963 416 970 .
463 905 664 989 eorunm,
681 918 713 972 et
725 929 779 990 re,
797 918 829 972 et
844 908 953 992 sonitu
970 908 1091 972 distare
1106 911 1256 998 sonanti:

463 1014 605 1076 Tantum
618 1017 780 1078 elementa
796 1023 939 1096 queunt,
953 1023 1138 1097 permutato
1154 1016 1271 1080 ordine
1284 1017 1374 1080 solot

461 1100 504 1181 alt
522 1139 634 1184 rerum
651 1131 822 1202 quaesunt
838 1121 1038 1203 primordia,
1049 1123 1148 1210 plura
1157 1123 1316 1186 adhibere

461 1223 615 1306 Possunt,
632 1229 721 1288 unde
738 1237 859 1308 queant
873 1226 984 1290 variae
994 1247 1046 1289 res
1064 1247 1217 1310 quaeque
1231 1229 1347 1294 creari.

502 1335 598 1394 Nunc
613 1343 646 1395 et
664 1336 879 1417 Anaxagorae
896 1341 1082 1396 scrutemur
1094 1331 1301 1418 ὄμοιομέμιαν,

463 1415 572 1528 Quam
582 1437 674 1502 Graii
691 1447 888 1520 memorant,
904 1459 966 1502 nec
979 1449 1091 1502 nostra
1106 1429 1213 1504 dicere
1224 1441 1340 1528 lingua

463 1545 622 1614 Concedit
634 1542 729 1606 nobis
739 1537 839 1625 fratrii
852 1543 1068 1618 sermonis‘r
1026 1554 1167 1631 egestas·

462 1651 527 1713 Sed
539 1660 648 1713 tamen
663 1647 768 1730 ipsam
784 1667 855 1709 rem
870 1647 967 1710 facile
982 1657 1030 1711 est
1047 1668 1211 1732 exponere
1225 1651 1350 1735 verbis,

460 1752 667 1836 Principium
683 1772 812 1830 rerum,
828 1769 927 1833 quam
939 1751 1019 1816 dicit
1031 1750 1227 1837 ὅμιιομίμιαν

464 1862 546 1925 Ossa
557 1858 740 1923 videlicete
756 1857 914 1942 pauxillis
928 1867 1027 1939 atque
1043 1860 1180 1924 minutis
1236 1873 1238 1878 '
1303 1889 1314 1900 -

463 1968 601 2048 Ossibu’,
614 1967 660 2032 sic
671 1976 703 2030 et
716 1968 757 2028 de
768 1964 923 2048 pauxillis
939 1976 1037 2047 atque
1054 1967 1190 2032 minutis

461 2073 650 2141 Visceribus
662 2072 787 2152 vncos,
802 2070 914 2158 gigni3
934 2066 1148 2158 sanguenque
1164 2077 1272 2142 creari

462 2179 636 2266 Sanguinis
651 2178 786 2241 intense
798 2161 911 2240 multis
924 2179 1113 2241 coeuntium
1125 2181 1243 2268 guttis:
1357 2189 1408 2250 8³8

462 2285 512 2347 Ex
523 2281 660 2362 aurique
671 2289 764 2364 putat
779 2281 873 2344 micis
890 2281 1065 2346 consistere
1081 2305 1177 2368 posse
1285 2297 1287 2302 '

462 2392 609 2469 Aurum,
626 2396 658 2449 et
672 2387 714 2448 de
727 2383 822 2448 terris
837 2394 957 2448 terram
971 2405 1180 2454 concrescere
1195 2393 1321 2475 parvi„
1365 2413 1372 2427 ’

462 2492 600 2580 Ignibus
609 2511 650 2554 ex
662 2487 784 2576 igneis,
801 2477 977 2556 humorem
993 2495 1208 2582 humoribus,
1223 2519 1302 2564 esse·

463 2601 578 2660 Cetera
590 2594 757 2662 consimili
772 2592 1030 2680 fingitratione,
1048 2610 1218 2684 putatque.

462 2705 530 2766 Nec
546 2713 657 2764 tamen
669 2719 737 2762 esse
754 2701 823 2762 ulla
837 2712 931 2782 parte
943 2701 1033 2766 idem
1045 2704 1083 2768 in
1097 2711 1196 2774 rebus
1209 2709 1309 2776 inane

463 2805 640 2890 Concedit,
652 2824 759 2886 neque
771 2806 964 2889 corporibus
977 2807 1079 2874 finem
1097 2833 1164 2878 esse
1180 2817 1336 2884 secandis.

462 2917 573 2999 Quare
587 2912 622 2975 iu
637 2921 777 2991 utraque
787 2910 871 2974 mihi
883 2912 1007 2996 pariter
1023 2920 1150 2985 ratione
1166 2923 1297 2989 videtur

461 3026 596 3102 Errare;
612 3032 709 3104 atque
724 3020 792 3085 illis
808 3022 915 3107 iuxta,
928 3045 1011 3106 quos
1024 3027 1166 3094 diximus
1180 3043 1267 3097 ante.

500 3131 611 3212 Adde,
630 3130 720 3211 quod
733 3127 899 3192 imbecilla
916 3129 1017 3195 nimis
1028 3133 1209 3216 primordia
1225 3135 1335 3227 fingit,

460 3236 495 3300 Si
512 3234 695 3319 primordia
710 3244 802 3316 sunt,
816 3234 919 3298 simili
932 3257 1018 3318 quae
1031 3240 1179 3336 praedita
1196 3253 1346 3308 constant

460 3345 584 3404 Natura
594 3351 692 3422 atque
705 3341 795 3424 ipsae
804 3359 856 3406 res
869 3353 956 3421 sunt;
975 3364 1144 3429 aequeque
1161 3351 1329 3436 laborant,

460 3445 501 3505 Et
512 3453 667 3524 pereunt,
687 3464 794 3522 neque
804 3448 847 3508 ab
860 3446 959 3511 exitio
972 3471 1024 3516 res
1042 3453 1118 3515 ulla
1130 3445 1305 3522 refraenat.

460 3548 545 3608 Nam
558 3545 663 3627 quid
653 3567 689 3609 ιιι
702 3535 858 3629 oqipressu
879 3528 989 3616 valitlo
1003 3556 1135 3620 durabit
1152 3577 1309 3644 eorum,

351 3650 356 3656 '
461 3651 506 3712 Ut
520 3660 659 3713 mortem
678 3648 828 3739 effugiat,
847 3657 905 3720 leti
922 3661 984 3722 sub
1001 3664 1153 3728 dentibus
1172 3667 1277 3750 ipsis?

460 3753 626 3838 Ignisi’an
636 3757 941 3828 humorianaura?
956 3767 1038 3848 quid
1045 3769 1396 3861 horumisanguitani

987 3893 1074 3940 anne
1086 3875 1166 3944 os?
