3134 5112
371 413 574 492 LIBER
612 416 682 482 VI.
721 419 845 479 v-828.
1038 426 1095 504 239

141 563 302 656 Posterius
316 563 368 647 fit,
385 565 451 652 uti,
467 585 577 647 quom-
587 563 655 629 iem
669 566 816 628 cecidere
825 565 947 630 veneni

138 674 179 736 In
197 666 313 736 ionteis
329 669 434 752 ipsos,
447 669 497 731 ibi
511 669 555 734 sit
569 688 701 750 quoque
713 669 780 733 vita
791 675 977 756 romundo,

139 783 313 863 Propterea
325 780 415 859 quod
431 795 551 864 magna
563 775 643 838 mali
654 775 807 860 sincopic
820 780 958 843 circum.

179 885 229 949 Fit
242 903 390 966 quoque,
402 892 440 946 ut
448 882 616 946 interdum
624 880 674 945 vis
683 885 765 947 haec
778 892 877 965 atque
886 895 993 950 aestus

770 987 894 1052 Averni

139 1102 238 1182 tera,
249 1093 308 1179 qui
316 1095 402 1160 inter
413 1093 503 1160 ereis
516 1111 645 1176 cunque
657 1102 703 1158 est
716 1103 903 1176 terramque
914 1095 1058 1180 locatus,

140 1207 314 1289 Discutiat,
328 1225 433 1290 prope
444 1205 493 1268 uti
504 1206 595 1269 locus
609 1203 687 1267 binc
704 1204 873 1284 linquatur
883 1202 1010 1268 inanis:

140 1310 267 1396 Quoius
276 1310 335 1372 ubi
350 1309 588 1394 eregioneloci
597 1329 717 1372 venere
726 1310 889 1390 volentes,

140 1414 310 1498 Claudicat
327 1417 489 1499 externplo
506 1435 692 1498 pennarum
706 1413 796 1479 nisus
813 1412 942 1496 inanis,

138 1523 179 1584 Et
189 1503 350 1585 conemen
362 1520 517 1602 utrinque
527 1502 655 1585 alarum
669 1522 822 1606 proditur
834 1541 944 1585 omne

139 1621 218 1711 Hic,
230 1627 290 1690 ubi
302 1626 421 1690 nictari
432 1638 616 1712 nequeunt,
630 1628 844 1710 insistereque
854 1627 936 1712 elis,

138 1731 271 1800 Scilicet¹
279 1731 316 1795 in
332 1744 451 1795 terram
470 1733 581 1797 delabi
589 1734 736 1816 pondere
748 1731 837 1819 cogit

138 1837 335 1919 Naturapet,
346 1857 488 1900 vacuum
498 1854 603 1919 prope
621 1836 688 1899 iarn
698 1857 758 1920 per
768 1835 867 1902 inane
877 1836 1040 1922 iacentes,

139 1939 339 2027 Dispergunt
353 1939 478 2002 animas
489 1960 550 2024 per
563 1941 672 2004 caulas
689 1940 836 2022 corporis
851 1942 987 2007 omneis.

177 2044 342 2131 Frigidior
352 2065 453 2130 porro
465 2046 501 2109 in
516 2044 622 2128 puteis
637 2053 757 2108 aestate
768 2043 806 2108 fit
820 2047 959 2133 humor,

138 2143 283 2211 Rarescit
294 2147 372 2230 quia
387 2159 473 2211 terra
484 2141 609 2229 colore,
626 2158 658 2210 et
672 2147 799 2211 semina
811 2147 840 2211 si
855 2171 920 2230 qua
1030 2157 1089 2232 842

137 2257 231 2318 Forte
241 2255 374 2338 vaporis
385 2257 497 2335 habet,
511 2273 652 2338 propere
664 2253 798 2317 dimittit
811 2252 848 2318 in
861 2274 967 2322 auras.

139 2361 212 2443 Quo
224 2358 329 2444 magis
339 2370 387 2422 est
399 2357 500 2446 igitur
512 2361 606 2422 tellus
621 2355 716 2424 effeta
730 2362 855 2443 calore,
956 2389 961 2402 „

135 2463 187 2526 Fit
199 2483 330 2543 quoque
341 2463 507 2550 frigidior,
517 2463 575 2545 qui
585 2463 621 2528 in
635 2475 720 2528 terre
732 2465 934 2552 estabditue,
945 2469 1076 2534 humor.

137 2568 270 2654 Frigore
284 2559 384 2650 quom
401 2569 560 2652 premitur
572 2589 673 2653 porro
686 2569 793 2634 omnis
808 2579 910 2655 terre,
925 2573 1074 2658 coitque,

135 2674 175 2736 Et
189 2671 283 2752 quasi
296 2674 490 2752 concrescit3
505 2671 543 2736 fit
555 2672 679 2737 scilicet
688 2671 724 2735 in
740 2677 905 2758 coeundo,

135 2780 304 2864 Erprimat
312 2781 349 2844 in
362 2793 487 2864 puteos,
503 2779 531 2844 si
545 2801 644 2862 quem
654 2780 740 2864 gerit
754 2779 840 2863 ipsa,
851 2785 1011 2848 calorem.

175 2885 231 2947 Est
241 2887 331 2968 apud
347 2884 541 2948 Hammonis
555 2885 669 2945 fenum
683 2883 756 2944 fons
767 2885 841 2945 luce
851 2885 970 2948 diurna
1108 2869 1112 2878 Ι

134 2989 301 3078 Frigidus,
315 3001 348 3053 at
359 2989 484 3054 calidus
494 2997 657 3050 nocturno
672 2996 819 3067 tempore
831 2987 943 3049 fertur.

133 3099 234 3160 Hunc
249 3093 398 3158 homines
410 3093 535 3155 fontem
546 3089 641 3154 nimis
651 3089 870 3173 admirentur,
885 3099 917 3152 ct
929 3091 997 3154 acri
1096 3093 1105 3117 i

134 3201 211 3264 Sole
221 3207 339 3282 putant
351 3199 463 3260 subter
476 3204 577 3260 terras
592 3197 770 3259 fervescere
787 3195 923 3280 pcrtim,

131 3313 208 3374 Nox
220 3308 279 3372 ubi
290 3307 429 3372 terribili
440 3318 559 3371 terram
574 3306 716 3393 caligine
731 3306 824 3369 terit:

132 3420 236 3503 Quod
249 3413 348 3480 nimis
361 3437 382 3478 a
393 3434 471 3477 vera
487 3399 535 3478 est
546 3413 646 3498 longe
663 3411 790 3476 ratione
807 3423 981 3479 remotum.
1010 3413 1018 3424 '

132 3527 269 3611 Quippe
285 3524 343 3587 ubi
355 3524 422 3603 sol,
438 3523 566 3585 nudum
581 3529 785 3586 contrectans
800 3539 919 3604 corpus
932 3525 1049 3606 aquai,
1161 3533 1165 3544 '

131 3634 210 3694 Non
227 3621 349 3710 qu'ierit
365 3625 510 3690 calidum
525 3646 643 3710 supera
658 3629 699 3689 de
713 3629 850 3691 reddere
862 3640 973 3712 parte,
1019 3649 1023 3652 ·

131 3739 247 3822 Quom
260 3754 415 3818 superum
428 3734 542 3796 lumen
555 3743 646 3796 tanto
661 3732 789 3794 fervore
801 3733 943 3796 truatur:
969 3779 971 3786 .

129 3833 200 3928 Qui
214 3849 316 3923 queat
326 3838 397 3924 bic,
412 3839 525 3906 subter
539 3847 606 3904 tem
615 3851 728 3926 ¹cresso
741 3855 879 3921 corpore
893 3847 1028 3920 terrem,
