3056 5126
485 433 762 516 VITA.
957 455 1106 513 *xrrr

152 620 268 695 scunt,
292 605 427 678 morbis
452 623 608 678 aestuare
639 620 750 698 atque
774 601 928 676 afflictari
956 603 1105 676 videret.

151 716 216 790 dlii
238 718 466 824 aegritudine.
480 717 615 806 animi,
642 716 745 810 quod
759 715 923 787 Memmii
944 715 1016 804 sui,
1042 713 1108 816 qui

87 905 91 912 ¹
149 827 184 896 in
212 829 377 899 exsilium
403 829 527 922 pulsus
555 843 649 913 erat,
680 827 818 896 tristem
842 849 963 897 casum
987 849 1108 920 aequo

149 937 266 1008 animo
283 936 373 1008 ferre
391 961 468 1009 non
482 957 610 1031 posset.
629 936 701 1006 Alii
713 935 834 1007 futore
852 939 1052 1029 percitum,
1068 939 1107 1024 in

150 1071 255 1140 quern
278 1047 433 1134 Lucilla,
451 1049 523 1117 sive
547 1071 659 1134 uxor,
685 1045 758 1116 sive
775 1043 911 1132 amica,
933 1048 1107 1118 amatorio

148 1160 278 1250 poculo
294 1174 480 1252 porrecto,
500 1181 585 1228 eum
600 1153 808 1248 imprudens
817 1153 1003 1250 adegerat,
1022 1177 1108 1226 cum

148 1265 189 1336 ab
213 1289 257 1336 eo
281 1267 408 1351 amari,
427 1289 503 1336 non
522 1264 555 1336 ei
572 1287 700 1338 necem
720 1262 866 1352 inferre,
890 1279 952 1334 aut
969 1262 1108 1335 bonam

148 1391 307 1444 mentem
324 1374 482 1445 adimere
503 1375 622 1445 vellet.
795 1361 797 1366 ‚

195 1481 381 1587 Quoniam
393 1500 514 1555 autem
525 1484 572 1556 de
585 1507 737 1556 numero
752 1483 931 1558 librorum
943 1485 1109 1558 aLucre-

147 1593 196 1664 tio
214 1593 426 1688 scriptorum
443 1595 613 1666 nonnulli
630 1594 864 1684 dubitarunt,
882 1613 918 1667 et
928 1597 1108 1668 levissimis

145 1705 360 1800 argumentis
372 1705 535 1795 adducti,
552 1708 670 1800 plures
686 1731 796 1800 quam
813 1731 874 1780 sex
886 1707 989 1779 abeo
1003 1695 1108 1804 scrip·

42 1875 47 1882 .
143 1828 197 1882 tos
210 1813 563 1902 esseexistimatunt,
591 1813 733 1886 videtur
745 1816 805 1884 hic
823 1838 918 1884 error
938 1816 1109 1889 minuen-

145 1919 233 2009 dus,
249 1933 360 2014 atque
373 1923 458 1993 haec
476 1920 656 2024 dubitatio
674 1921 844 1993 tollenda.
863 1923 1029 1995 Omnino
1042 1925 1110 2023 igi-

143 2043 202 2098 tut
225 2053 287 2098 sex
304 2029 414 2098 libros
435 2027 624 2098 dumtaxat
643 2027 689 2098 de
712 2047 837 2101 natura
856 2055 974 2101 terum
989 2031 1109 2122 'scrip-

142 2137 185 2208 sit
200 2137 247 2206 T.
272 2137 457 2208 Lucretius
480 2137 597 2210 Carus.
620 2139 731 2210 Cuius
752 2141 802 2210 rei
822 2164 907 2210 curn
928 2141 997 2213 sint
1018 2142 1108 2212 mihi

141 2246 200 2316 illa
221 2270 375 2338 quoque
387 2265 598 2344 argumenta
617 2269 693 2317 non
711 2247 906 2318 imbecilla:
923 2249 1109 2341 primum,

142 2355 245 2448 quod
260 2358 482 2452 grammatici
500 2365 655 2443 veteres,
675 2356 806 2448 aliique
821 2357 1025 2451 scriptores,
1043 2359 1107 2430 Fe·

140 2477 234 2555 stus,
259 2467 423 2558 Nonius,
450 2467 648 2555 Diomedes
659 2467 915 2573 &Prisc-ianus,
942 2469 1108 2559 Probus,

140 2578 313 2669 Carisius,
332 2579 515 2668 Donatus,
534 2578 696 2668 Servius,
708 2579 971 2669 Tertullianus,
989 2582 1109 2653 Arno·
1151 2619 1154 2627 1

139 2687 241 2778 bins,
262 2687 483 2774 Lactantius,
511 2689 658 2758 nullum
679 2689 835 2760 Lucretii
856 2689 992 2761 librum
1015 2693 1107 2764 ultra

139 2811 283 2868 sextum
298 2812 594 2870 commemorant
615 2796 779 2887 Deinde,
799 2800 901 2892 quod
915 2823 961 2871 ex
972 2800 1025 2870 his
1044 2789 1128 2872 sex¹

36 2931 40 2936 ·
139 2905 241 2975 libris
264 2907 344 2977 solis
357 2924 435 2978 tota
459 2905 602 3000 Epicuri
628 2907 744 2993 ratio,
772 2908 947 2979 sententia
970 2933 1011 2979 ac
1039 2908 1108 2980 do·

141 3014 277 3101 ctrina,
302 3039 394 3106 quae
419 3013 569 3106 quidem
592 3011 639 3081 ad
660 3030 807 3094 naturae
826 3013 1107 3106 explicationem

139 3122 334 3218 pertineat,
350 3120 575 3207 continetur;
590 3143 710 3213 neque
723 3121 926 3213 quidquam
938 3123 1108 3215 amplius,

139 3233 247 3327 quod
269 3235 350 3328 quis
371 3234 418 3304 de
435 3257 475 3304 ea
490 3232 608 3302 dicere
625 3247 752 3324 queat,
774 3232 956 3325 reliquum
976 3245 1037 3302 est.
1063 3229 1110 3302 Et

139 3361 266 3416 tamen
288 3346 404 3416 multa
430 3345 477 3416 de
500 3342 744 3429 continentia,
771 3365 807 3414 et
830 3341 1047 3437 parcimonia
1068 3341 1108 3413 in

137 3454 262 3542 victu,
280 3454 329 3535 ¹de
351 3453 552 3526 honoribus
575 3452 871 3538 contemnendis,
895 3451 941 3522 de
962 3452 1106 3524 luxuria

139 3581 179 3636 et
202 3567 355 3638 mollitie
379 3566 621 3660 aspernanda,
649 3583 685 3635 et
705 3566 751 3648 de
774 3566 896 3636 ceteris
919 3582 1039 3636 rerum
1061 3563 1109 3637 ad

139 3675 408 3770 philosophiam
433 3677 608 3754 moralem
630 3675 895 3768 pertinentibus
918 3674 1106 3746 accedunt.

195 3786 393 3859 Consilium
419 3785 578 3878 denique
601 3785 761 3856 Lucretii
785 3801 860 3874 est,
883 3784 992 3856 animi
1013 3800 1109 3855 tran·

140 3895 359 3990 quillitatem
367 3949 379 3990 ,
394 3916 430 3973 et
442 3889 587 3997 &ruffin
596 3895 715 3985 illam,
733 3919 844 3993 quam
858 3893 986 3970 crebro
997 3893 1108 3966 habe·
