3056 5126
441 389 516 448 xv1
623 361 891 440 NOTITIA
923 358 1239 436 LITERARIA
1289 363 1296 372 '

443 561 489 608 eo
501 533 602 606 velut
614 555 734 602 coram
749 529 795 600 de
807 551 927 600 rerum
943 541 1068 597 natura
1082 523 1281 618 disputare:
1302 523 1438 595 Poeta

443 644 624 728 sublimis,
638 641 809 732 idemque
825 642 962 736 elegans
977 655 1013 708 et
1026 638 1162 709 multae
1173 636 1253 708 artis
1265 635 1439 708 lumini-

444 752 512 824 bus
524 750 657 843 pictus,
672 771 711 817 uc
723 747 852 818 latinae
869 747 1018 844 linguae
1031 758 1155 815 auctor
1168 743 1339 842 egregius·
1358 742 1437 816 De

444 859 516 930 hoc
529 856 657 952 Caspat
669 854 829 926 Berlaens
841 855 902 925 lib.
919 856 965 924 11.
980 853 1129 926 Miscell.

494 967 561 1040 Hic
574 967 694 1037 Phoebi
701 964 829 1062 furiis,
834 963 1001 1062 furiisque
1016 965 1142 1033 exarsit
1156 960 1292 1032 Orestis.

577 1103 651 1149 uam
660 1093 810 1175 praestat
822 1075 896 1143 solis
909 1073 1218 1170 versiculissnrere!

495 1189 655 1281 Scriptor
667 1187 759 1258 vitae
772 1184 932 1283 Virgilii,
945 1209 989 1255 eo
1001 1184 1079 1271 die,
1101 1208 1178 1275 quo
1193 1200 1315 1284 togam
1328 1187 1427 1258 viri-

444 1306 519 1374 lem
534 1296 660 1370 sumsit
671 1295 793 1382 Maro,
811 1295 951 1387 periisse
965 1293 1175 1366 Lucretium
1189 1311 1337 1368 testatur
1359 1300 1424 1392 (a.

446 1411 491 1482 U.
509 1407 548 1479 C.
566 1392 670 1501 6982)
698 1408 768 1476 Alii
780 1406 886 1476 eadem
900 1405 968 1480 die,
984 1429 1044 1501 pua
1057 1423 1155 1476 natus
1172 1423 1220 1476 est
1234 1406 1400 1501 Virgilius
1412 1462 1427 1484 ,

445 1517 703 1616 abiisseserunt:
722 1533 754 1585 et
769 1516 885 1611 aliquis
900 1514 1124 1611 Pythagoreus
1142 1515 1252 1587 eredat
1265 1517 1427 1589 Lucretii

448 1632 591 1701 animam
603 1631 637 1697 in
650 1627 795 1698 Maronis
808 1649 922 1724 carpus
935 1626 1120 1700 transiisse,
1136 1627 1237 1722 ibique
1246 1625 1341 1720 lange
1355 1653 1427 1702 usae

448 1758 481 1813 et
495 1741 597 1812 multo
614 1736 720 1808 studia
743 1739 978 1811 exercitatam,
1000 1737 1127 1833 pai'tam
1144 1736 1428 1834 perfectissimum

448 1853 592 1927 evasisse.
603 1851 654 1921 An
662 1849 725 1921 sibi
734 1849 796 1947 ipsi
806 1869 923 1918 manus
935 1845 1088 1918 attulerit
1094 1847 1275 1917 insertum:
1289 1847 1425 1918 interiit

449 1985 533 2033 anno
547 1962 665 2030 aetatis
677 1983 756 2028 suae
771 1981 827 2053 43.
842 1974 873 2026 et
882 1955 1114 2031 miserrimam.
1130 1980 1226 2052 quam
1243 1955 1319 2026 alim
1330 1955 1426 2026 ludi-

451 2071 517 2140 bria
542 2069 719 2141 habuerat.
747 2066 843 2136 nimis
859 2068 922 2136 tito
944 2082 1097 2166 expertus
1119 2083 1167 2138 est
1181 2065 1425 2146 ,immortalita-

453 2195 526 2268 tenr.
539 2178 638 2249 Haec
650 2176 785 2246 Thom.
796 2175 942 2247 Creech.

598 2385 715 2456 L1sn1
742 2398 811 2454 sex
838 2401 892 2454 nn
922 2402 1066 2458 nestun
1089 2402 1268 2459 neruus.

500 2540 648 2614 Exstant
671 2537 745 2609 eins
770 2537 844 2607 libri
868 2537 920 2608 VI.
946 2539 983 2608 de
1007 2565 1115 2612 rerum
1135 2558 1277 2617 natura.
1304 2539 1348 2614 ad
1370 2541 1413 2615 C.

452 2651 671 2724 Memmium
683 2647 913 2720 Gemellum¹
934 2649 1088 2723 Heroico
1101 2665 1289 2748 poemate,
1308 2655 1415 2724 versi-

453 2766 524 2838 bus
536 2761 698 2835 iucundo
712 2759 932 2852 antiquitatis
942 2751 1066 2853 sapore
1079 2763 1253 2852 conditis,
1267 2761 1412 2858 Epicuri

454 2875 500 2947 de
523 2874 629 2945 rebus
644 2871 866 2944 naturalibus
886 2873 1118 2962 sententiam,
1145 2877 1209 2947 sed
1229 2891 1265 2945 et
1285 2874 1417 2970 impios

454 2986 528 3058 eius
550 3009 681 3058 errores
701 2983 923 3058 disertissime
939 2986 1167 3082 explicantes.
1185 2989 1279 3079 ¹Non
1297 2989 1416 3083 plures

451 3122 472 3168 a
494 3095 660 3170 Lucretio
686 3095 820 3166 libros²
839 3095 945 3166 huius
964 3096 1168 3193 argumenti
1190 3100 1337 3189 scriptos
1363 3122 1411 3169 es·

452 3231 510 3294 se,
531 3222 573 3276 ut
592 3207 685 3276 male
705 3206 919 3277 coniiciebat
935 3205 1113 3300 Gytaldus
1129 3201 1346 3304 Dialog.1V.
1364 3205 1415 3276 de

490 3405 503 3448 t
522 3395 563 3448 De
577 3395 627 3448 hot
643 3395 797 3449 consulenda
818 3395 915 3449 Gifanii
954 3398 1052 3450 nitebile
1068 3419 1171 3469 quaerere
1183 3419 1283 3471 tenpus.
1298 3399 1347 3454 Pro
1355 3397 1411 3452 [αι’

453 3472 635 3542 prolegomene
645 3485 671 3526 et
680 3471 802 3523 Lambini.
954 3481 1037 3534 cretio
1062 3479 1178 3536 Lucilium
1197 3488 1260 3554 legis
1285 3483 1413 3540 Giseniue.

491 3547 594 3600 antiud
608 3560 678 3600 cette
694 3547 915 3616 opus,ni1.ucte-
955 3558 1029 3612 Alius
1046 3560 1181 3614 Lueretius
1195 3563 1353 3631 Episcopus,
1370 3561 1415 3615 cni

457 3626 508 3680 tius
524 3627 913 3696 ³15¹¹³‚deq110V³tr⁰l'¹b·1V·
955 3638 1069 3694 Feriolus
1090 3643 1213 3711 Regulum
1228 3643 1412 3694 Monechotutn

456 3708 489 3761 de
498 3707 584 3776 lingua
593 3709 648 3760 Lat.
657 3727 683 3777 p.
693 3726 720 3774 7.
732 3708 915 3763 Lucretiuseua·
954 3715 1415 3787 inscripsit.VideMenardumedCo·

455 3805 504 3848 rnen
519 3790 588 3836 unias
603 3803 626 3838 et
643 3791 727 3857 viginti
742 3789 850 3840 librorum
865 3793 913 3842 ini·
953 3799 1075 3858 medium
1083 3802 1226 3870 aguntum
1238 3813 1266 3865 p.
1274 3810 1318 3865 97.

455 3867 576 3936 tumften
585 3867 913 3942 incedeeierisetteneege·
