3034 5114
376 475 440 557 'u
595 466 679 550 'nr
707 434 899 548 nrnuu
927 477 1144 546 uiuunt
1196 496 1229 539 v.
1251 475 1321 540 us.

441 633 528 719 Ergo
541 649 644 711 quom
659 627 805 711 primum
822 641 978 710 ‚magnas
987 621 1117 684 invecta
1132 635 1193 702 per
1203 617 1333 701 urbeis,
1366 639 1370 648 ’

400 736 573 808 Munificat
586 733 684 810 tacita
698 731 863 796 mortaleis
883 739 974 792 muta
987 723 1112 791 salutet

401 850 486 914 Aere
500 855 597 924 atque
615 849 757 927 argento·
770 844 920 902 sternunt
932 835 995 898 iter
1013 849 1113 896 omne
1131 828 1278 916 viarum,
1309 845 1315 856 ’

401 947 564 1034 Largifica
574 945 658 1028 stipe
670 943 829 1018 ditantes3
845 941 1054 1026 ninguntque
1068 955 1219 1000 roserum

402 1051 568 1130 Floribus,
583 1050 774 1110 umbrantes
790 1049 930 1110 Matrem
946 1039 1170 1122 comitumque
1182 1050 1366 1105 catervam.

402 1154 467 1221 Hie
481 1161 606 1216 armata
620 1166 756 1230 manus,
775 1149 910 1212 Curetas
927 1143 1063 1210 nomine
1076 1143 1194 1206 Graeci

402 1262 495 1344 Quos
507 1263 693 1322 memorant
710 1252 889 1339 Phrygios,
909 1251 995 1314 inter
1008 1269 1042 1314 se
1056 1249 1141 1314 forte
1158 1259 1290 1313 catenas
1307 1319 1309 1326 ,

402 1363 553 1444 Ludunt,
566 1361 602 1424 in
612 1378 854 1438 numerumque
867 1359 1045 1436 exsultant,
1057 1353 1217 1441 sanguine
1235 1350 1322 1416 tletir

402 1467 576 1536 Terriiicas
586 1465 731 1550 capitum
746 1464 929 1546 quatientes
945 1461 1083 1526 numine
1101 1461 1229 1526 cristas:

338 1653 343 1662 ¹
403 1576 556 1642 Dictaeos
571 1573 719 1636 referunt
732 1573 885 1652 Curetas,
906 1569 965 1651 qui
982 1569 1069 1632 lovis
1083 1569 1180 1632 illum
1214 1609 1216 1618 ι

405 1678 563 1768 vagitum
575 1677 613 1739 in
628 1677 725 1738 Crete
742 1675 911 1755 quondam
926 1675 1106 1738 occultasse
1122 1671 1288 1751 feruntur,

234 1785 236 1794 ’
334 1793 340 1802 ’
366 1789 371 1806 ’
405 1775 517 1869 Quom
530 1779 627 1865 pueri
637 1777 762 1842 circum
781 1775 930 1860 puerunt
939 1777 1074 1859 pernice
1092 1777 1229 1856 chorea,

404 1887 546 1970 Armati,
568 1886 605 1952 in
617 1903 795 1950 numerum
812 1885 982 1966 pulsarent
994 1881 1127 1948 aeribus
1144 1901 1239 1972 aera,

325 2003 327 2016 “
405 1995 455 2058 Ne
464 1994 621 2056 Saturnus
636 2010 713 2054 etun
732 1982 828 2053 malis
842 1991 1015 2054 mandaret
1030 1990 1185 2072 adeptus,

405 2101 651 2178 Aeternumque
664 2097 757 2160 daret
773 2095 943 2162 matrisub
961 2107 1095 2180 pectore
1104 2091 1238 2182 uolnus.
1312 2095 1369 2175 639

405 2213 584 2293 Propterea
596 2226 751 2294 magnam
764 2207 884 2270 armati
892 2209 1033 2270 Matrem
1045 2203 1263 2292 comita-ntur:
1482 2269 1483 2276 χ

407 2316 489 2394 dut,
504 2310 585 2394 quia
593 2308 779 2397 significent
788 2311 909 2375 Divom
924 2309 1129 2396 praedicere,
1147 2318 1184 2372 ut
1198 2307 1302 2372 armis
1371 2355 1375 2362 .

407 2420 586 2486 denirtute
599 2419 702 2484 velint
716 2417 859 2503 patriam
874 2421 1052 2484 defendere
1069 2427 1212 2497 terram;

290 2557 294 2566 f
409 2526 642 2607 Praesidioque
660 2535 777 2609 parent
789 2525 966 2606 decorique
981 2522 1173 2610 parentibus
1189 2545 1269 2588 esse.
1386 2601 1389 2608 y

450 2631 560 2713 Quae,
576 2629 663 2692 hene
674 2636 705 2689 et
718 2625 839 2690 eximie
853 2625 1005 2708 quamvis
1020 2625 1165 2712 disposta
1177 2630 1344 2710 ferantur,

316 2757 321 2764 ·
409 2734 525 2820 Longe
537 2741 615 2796 sunt
629 2743 738 2798 tamen
754 2752 775 2795 a
794 2753 873 2796 vera
889 2733 1020 2797 ratione
1037 2738 1183 2818 repulsa.
1220 2784 1224 2798 .

411 2838 530 2902 Omnis
545 2838 633 2902 enim
648 2860 752 2921 perse
763 2838 886 2902 Divom
901 2850 1019 2902 natura
1036 2859 1167 2908 necesse
1183 2849 1232 2908 est

409 2941 594 3010 immortali
612 2969 694 3012 nevo
710 2969 839 3012 summa
851 2970 925 3012 eum
938 2969 1019 3032 pace
1033 2951 1177 3035 fruatur,
1480 3007 1481 3056 ἢ

411 3054 572 3117 Semotaa
585 3051 703 3116 nostris
716 3055 833 3136 rebus,
849 3053 1062 3135 seiunctaque
1075 3056 1186 3142 longe.

410 3160 495 3221 Nam
509 3158 639 3242 priuata
655 3160 771 3245 dolore
786 3157 894 3239 omni,
912 3157 1042 3241 privata
1060 3160 1214 3244 periclis,

410 3262 486 3345 Ipsa
498 3262 565 3326 suis
579 3265 709 3346 pollens
722 3262 858 3346 opibus,
873 3261 964 3353 nihil*
976 3263 1092 3352 indiga
1112 3266 1231 3348 nostri,

397 3363 480 3433 'Nec
494 3373 578 3432 bene
594 3370 782 3454 promeritis
795 3370 943 3454 eapitur,
959 3393 1021 3436 nec
1036 3374 1182 3460 tangitur
1196 3373 1258 3436 ira.

453 3475 558 3538 Terra
573 3477 707 3556 quidem
723 3496 803 3539 vero
822 3489 911 3540 caret
926 3478 1020 3540 omni
1034 3488 1182 3562 tempore
1193 3499 1312 3563 sensu3

414 3579 494 3672 Sed,
510 3578 588 3659 quia
600 3580 926 3678 multarumppotitur
944 3582 1127 3664 primordia
1143 3604 1285 3664 rerum,¹

414 3685 521 3745 Multa
540 3681 646 3746 modis
660 3685 772 3746 multis
785 3679 879 3746 effert
897 3684 933 3748 in
948 3687 1075 3751 lumina
1089 3688 1177 3752 solis.

414 3782 479 3846 Hic
491 3783 520 3845 si
533 3784 607 3864 quis
620 3801 715 3846 mare
724 3787 932 3876 Neptunum,
953 3790 1172 3872 Cereremque
1189 3807 1310 3853 vocare

417 3888 599 3952 constituet
614 3887 744 3978 fruges,
758 3900 791 3953 et
805 3890 923 3970 Bacchi
939 3892 1076 3960 nomine
1095 3892 1190 3958 abuti
