2940 5114
313 433 347 500 L
364 433 382 497 1
400 434 523 500 BER
553 437 604 503 ·V·.
642 453 676 502 v.
698 455 765 504 122.
964 448 1020 527 167

58 573 268 642 immortalia
285 576 421 642 mortui
429 598 582 644 sermone
595 591 755 648 notantes.

59 683 157 766 Quae
168 670 288 766 procui
301 702 406 764 usque
421 685 504 748 adeo
524 682 640 749 divino
656 689 699 750 ub
713 687 850 752 numine
861 688 997 773 distent,

56 787 165 870 inque
173 787 283 853 Detim
291 808 432 852 numero
444 810 530 872 quae
540 787 606 856 sint
617 789 755 880 indigna
770 793 895 874 videri3

55 892 219 958 Notitiam
230 893 340 976 potius
352 899 510 977 praebere
524 907 669 982 utpoase
683 907 861 982 putentur,

55 1000 150 1087 Quid
158 998 201 1066 sit
215 988 310 1065 vitali
326 1009 418 1070 motu
431 1021 594 1082 sensuque
606 1014 782 1082 remotum.

97 1104 233 1190 Quippe
243 1102 366 1168 etenim
379 1124 447 1168 uon
458 1114 521 1186 est,
533 1126 611 1168 eum
622 1105 740 1187 quouis
752 1126 893 1192 empore
901 1116 939 1175 ut
948 1128 1019 1175 esse

52 1211 154 1273 Posse
163 1207 271 1274 animi
283 1217 400 1276 natura
408 1217 559 1293 putetur,
574 1208 832 1291 consiliumque:

51 1317 148 1380 Sicut
159 1315 197 1380 in
207 1317 340 1398 aethere
347 1336 417 1381 non
428 1319 545 1397 arbor,
558 1338 621 1380 uec
631 1315 668 1379 in
680 1334 823 1398 aequore
831 1319 920 1384 salso

51 1425 248 1492 Naum
262 1434 406 1509 queunt,
419 1445 526 1506 neque
537 1422 644 1507 pisces
654 1422 766 1488 uivere
775 1423 812 1488 in
823 1425 926 1507 arvis3

51 1530 122 1592 Nec
134 1546 234 1592 eruor
244 1526 281 1591 in
293 1526 413 1612 lignis,
428 1547 491 1594 neu
503 1527 588 1591 saxis
601 1546 733 1608 suenus,
746 1525 871 1592 inesse:

51 1637 190 1698 Certum
198 1631 438 1716 aedispositum
447 1641 506 1714 est,
514 1631 574 1697 ubi
582 1632 875 1715 quidquitcresnat
884 1636 1016 1704 otiositt
1029 1651 1034 1662 '

49 1737 106 1802 Sic
115 1737 223 1804 animi
235 1747 356 1809 natura
365 1739 481 1820 nequit
490 1738 563 1804 sine
574 1759 712 1823 corpore
722 1739 805 1804 oriri

50 1845 146 1939 qula,
157 1863 300 1927 nequeo
314 1844 425 1914 nervis
438 1846 645 1944 etsanguine
659 1847 882 1934 longiusesse.

50 1946 154 2034 Quod
165 1946 196 2012 si
207 1957 316 2033 posset
326 1946 435 2030 enim,
448 1950 554 2012 multo
564 1947 654 2032 prius
666 1948 738 2033 ipsa
749 1951 854 2016 animi
865 1952 916 2020 vis

49 2056 91 2117 In
104 2051 227 2136 capite,
243 2053 473 2144 authumeris,
484 2064 541 2118 aut
553 2054 630 2119 imis
639 2057 799 2138 calcibus,
813 2077 886 2123 esse

50 2163 181 2239 Posset‚,
190 2169 223 2222 et
234 2158 364 2226 innasci
375 2160 645 2245 quavisinparte
654 2163 793 2246 soleret,
957 2168 1015 2247 sip

50 2267 204 2351 Quande
214 2264 252 2330 in
262 2267 381 2330 eodem
394 2263 531 2332 homine
541 2275 640 2348 atque
652 2265 689 2334 in
698 2268 817 2335 eodem
824 2287 903 2333 vase

577 2390 724 2436 manere.

48 2474 150 2558 Quod
157 2471 318 2556 quoniam
324 2479 581 2555 nostro-quoque
591 2484 1013 2561 constateorporecertum,

46 2577 317 2667 Dispositumque
329 2577 477 2658 videtur„
489 2579 549 2642 ubi
559 2597 629 2642 esse
642 2588 673 2643 ot
687 2590 831 2645 urescem
841 2581 945 2664 possit

46 2687 201 2752 Seorsum
209 2683 430 2781 animosique
437 2683 586 2764 animum
596 2694 689 2748 tanto
696 2685 801 2775 magis
807 2669 964 2752 inficiati&

350 2865 352 2870 Α
576 2792 676 2873 dum,

45 2902 169 2962 Totum
181 2908 276 2982 posse
286 2903 381 2962 extra
390 2911 528 2976 eorpus,
538 2893 749 2972 formamque
762 2894 958 2978 animalem,
1028 2927 1032 2938 ¹

43 3005 202 3070 Putribus
214 3005 252 3070 in
266 3002 373 3090 glebis
390 3011 572 3079 terrarum,
584 3005 641 3067 aut
651 2995 779 3074 solisiu
790 2996 881 3085 igni,
914 3043 915 3052 1

40 3114 112 3174 Aut
126 3110 162 3174 in
178 3129 265 3192 aqua
280 3111 418 3188 durare,
431 3113 488 3170 aut
503 3103 578 3167 attis
594 3102 734 3167 aetheris
745 3103 824 3167 oris.
855 3147 859 3156 ·
904 3173 906 3178 ,

39 3221 146 3283 Haud
160 3218 263 3306 igitur
277 3224 429 3280 wasiani
440 3211 559 3276 divino
568 3211 719 3295 praedita
730 3231 847 3295 sensu,

38 3323 327 3412 Quandoquidem
344 3329 513 3401 nequeunt
525 3317 669 3381 vitaliter
681 3338 752 3382 esse
765 3317 922 3384 animata.
992 3351 995 3360 ·

80 3433 175 3494 1111111
186 3430 267 3494 item
279 3446 349 3498 non
361 3435 408 3491 est
424 3435 461 3489 ut
475 3425 580 3508 possis
593 3427 743 3506 eredere,
759 3423 867 3490 setteis

34 3541 122 3604 Esse
135 3535 245 3601 Deiim
254 3543 383 3610 sanetas
394 3532 432 3596 in
443 3532 562 3604 muudi
577 3532 726 3615 partibus
740 3530 829 3594 ullis.

33 3641 274 3718 Tenuisenim
289 3648 407 3712 uatum
419 3636 543 3720 Deum,
558 3639 724 3724 longeque
739 3645 867 3700 remota

31 3747 201 3813 Sensibus
215 3743 409 3826 abnostris,
422 3741 528 3808 animi
542 3741 599 3814 uix
612 3749 721 3804 mente
736 3739 878 3802 videtur.

31 3857 141 3940 Quae
151 3848 313 3936 quopiam
320 3867 482 3912 manuum
495 3855 618 3910 tactum
628 3839 767 3930 suffugit
781 3852 817 3909 et
827 3841 945 3924 ictum,
