2940 5114
437 451 495 512 206
642 447 709 508 nn
733 443 920 508 annun
947 419 1162 535 urruns
1209 467 1243 510 v.
1266 451 1346 512 1356.

362 643 366 650 .
433 589 607 678 Agricolae
616 567 724 652 donec
735 587 814 651 vitio
827 597 957 651 vortere
969 587 1109 668 severi3,
1155 583 1158 588 ’

433 702 478 762 Ut
491 691 707 776 niuliebribus
720 697 757 759 id
772 695 924 760 manibus
939 700 1118 766 concedere
1131 699 1273 782 vellent,

319 808 326 824 '
432 805 540 883 Atque
552 800 616 884 ipsi
627 799 751 883 pariter
765 802 887 862 durum
900 798 1039 865 sufferre
1055 803 1219 882 laborem3

403 917 405 922 ’
431 910 541 998 ¹Atque
553 925 654 998 opere
666 905 702 968 in
714 883 807 968 duro'
811 907 968 968 durarent
982 909 1132 972 membra
1142 927 1331 991 manusque.

474 1017 515 1084 At
527 1012 696 1095 specimen
707 1011 855 1092 sationis,
871 1020 906 1094 et
918 1011 1083 1076 insitionis
1097 1013 1211 1100 origo,

432 1121 509 1203 Ipsa
521 1117 584 1182 fuit
600 1139 712 1182 rerum
729 1115 874 1200 primurn
885 1119 1017 1193 *Natura
1034 1119 1190 1182 creatrixs
1284 1159 1291 1196 3

433 1221 614 1286 Arboribus
628 1221 787 1304 quoniam
802 1225 922 1286 baccae
933 1224 1138 1308 glandesque
1158 1227 1302 1292 caducae

433 1328 642 1410 Tempestiva
657 1330 780 1392 dabant
792 1331 969 1411 pullorum.
978 1329 1131 1392 examina
1147 1333 1271 1394 subter.

432 1438 530 1508 Unde
544 1435 644 1498 etiam
657 1433 789 1499 libitum
802 1446 849 1497 est
861 1435 990 1520 stirpeis
999 1435 1204 1498 committere
1220 1439 1331 1521 ramis,

434 1546 474 1606 Et
488 1563 575 1606 nova
592 1543 747 1606 defodere
758 1542 929 1624 interram
945 1542 1089 1628 virgulta
1106 1563 1167 1625 per
1183 1563 1292 1628 agros.

357 1654 361 1659 '
473 1650 557 1712 Inde
567 1648 667 1710 aliam
680 1649 1070 1728 atquealiamtculturam
1082 1648 1186 1714 dulcis
1203 1651 1302 1737 agelli

376 1787 377 1792 ¹
432 1759 635 1834 Tentabant3
648 1753 837 1838 fructusque
847 1757 934 1820 feros
947 1776 1175 1822 mansuescere
1186 1767 1286 1844 terra

434 1871 620 1932 Cernebant
633 1865 855 1952 indulgendo,
865 1865 1053 1945 blandeque
1069 1866 1223 1929 colundo.

433 1977 539 2056 Inque
556 1973 625 2038 dies
639 1971 745 2057 magis
755 1971 792 2034 in
807 1981 954 2047 montem
968 1972 1144 2034 succedere
1157 1970 1260 2034 silvas

435 2083 621 2167 Cogebant,
639 2077 792 2159 infraque
807 2076 907 2140 situm
924 2078 1104 2140 concedere
1118 2074 1233 2140 cultis:

433 2189 546 2267 Prata,
560 2187 666 2266 lacus,
681 2183 785 2264 rivos,
803 2193 944 2268 segetes,
963 2182 1138 2263 vinetaque
1151 2185 1254 2264 laeta,
1311 2186 1371 2264 1371

323 2289 328 2302 ‘
434 2291 582 2354 Collibus
595 2300 628 2352 et
641 2289 766 2372 campis
777 2299 813 2351 ut
827 2291 1000 2366 haberent3
1017 2298 1116 2370 atque
1133 2292 1286 2354 olearum

434 2397 573 2458 Caerula
586 2393 790 2480 distinguens
801 2393 887 2456 inter
899 2396 996 2481 plaga
1004 2415 1142 2458 currere
1152 2405 1279 2478 posset;

318 2521 319 2526 ’
432 2504 496 2568 Per
508 2502 668 2583 tumulos,
679 2509 712 2562 et
727 2497 921 2580 convalleis,
940 2519 1156 2582 camposque,
1169 2501 1320 2584 profusae

432 2605 477 2665 Ut
489 2605 578 2666 nunc
590 2624 658 2668 esse
674 2603 766 2679 vides
784 2603 881 2672 vario,
890 2604 1043 2668 distincta
1061 2609 1177 2690 lepore

434 2708 572 2790 Omnia,
589 2729 692 2790 quae,
708 2707 815 2791 pomis
825 2708 974 2772 intersita
986 2712 1154 2804 dulcibus,
1172 2723 1309 2800 ornant,

433 2813 647 2893 Arbustisque
664 2822 776 2876 tenent
783 2811 940 2882 felicibus
956 2817 1061 2880 obsita
1073 2818 1210 2884 circum.
1320 2842 1324 2859 ⁴

472 2920 515 2980 At
533 2917 675 2997 liquidas
694 2916 807 2980 avium
823 2937 918 2980 voces
930 2905 1091 2983 imitarier
1104 2941 1163 2986 ore

433 3029 517 3093 Ante
532 3026 595 3092 fuit
609 3029 730 3110 multo,
743 3047 844 3107 quam
859 3026 974 3092 laevia.
985 3028 1132 3092 carmina
1148 3040 1248 3094 cantu

433 3136 670 3198 Concelebrare
682 3133 831 3196 homines
848 3115 994 3217 possent,
1007 3134 1181 3216 aureisque
1195 3136 1318 3200 iuvare.

433 3243 472 3302 Et
483 3241 643 3323 Zephyri,
662 3259 742 3307 caua
759 3262 820 3323 per
835 3242 1053 3330 calamorum,
1068 3240 1165 3304 sibila
1175 3241 1322 3324 primum

333 3425 335 3429 Ι
432 3347 594 3434 Agresteis
606 3348 747 3419 docuere
761 3367 855 3410 cavas
867 3347 982 3410 inflare
998 3347 1129 3412 cicutas.

433 3455 515 3514 lnde
526 3438 713 3514 minutatim
729 3449 1011 3520 dulceis'didicere
1026 3459 1193 3538 querelas,

433 3553 529 3618 Tibia
544 3571 623 3634 quas
639 3554 764 3637 fundit,
777 3551 887 3642 digitis
898 3557 1027 3638 pulsata
1042 3569 1234 3640 canentum,
1263 3620 1269 3631 ,

433 3652 516 3716 Avia
531 3674 592 3737 per
606 3675 742 3719 nemora
758 3677 796 3722 ac
808 3657 1087 3742 silvas.saltusque
1102 3673 1251 3746 reperta,

433 3761 496 3821 Per
509 3759 580 3822 loca
595 3769 763 3840 pastorum
777 3764 917 3840 deserta,
927 3772 1026 3843 atque
1038 3764 1107 3834 otia
1120 3765 1186 3828 dia.
1253 3825 1258 3862 ,
1299 3821 1303 3828 .

472 3861 525 3924 bic
538 3863 806 3946 unumquidquid
818 3867 990 3948 paullatim
1001 3870 1163 3954 protrahit
1180 3880 1270 3938 aetas
