3056 5126
472 473 491 534 t
686 449 751 514 DE
777 443 970 512 RERUM
999 433 1215 504 NATURA

534 597 660 656 duxerat,
672 611 701 645 v.
713 593 851 660 830·919.
866 589 1096 656 Postremomagna
1110 599 1167 634 cum
1182 578 1306 650 gravitate
1319 587 1434 643 pregre·

538 684 649 738 dirmed
660 683 700 746 id,
711 694 741 734 ut
752 680 886 740 ostendat,
897 678 1047 729 universum
1058 668 1242 726 ussermanni
1256 677 1329 734 parte
1337 659 1437 714 inlini·

538 787 607 837 tum,
619 773 768 843 conpluscule
782 776 837 824 'esse
849 783 954 820 nurnero
970 761 1086 826 infinita,
1100 775 1128 815 et
1139 762 1212 813 inane
1224 759 1300 811 nullis
1315 752 1438 808 terminis

538 860 716 932 comprehendi
730 873 819 928 posse,
830 871 858 908 v.
874 870 924 922 9²0
935 883 948 898 ·
959 868 1034 916 ¹050·
1055 851 1093 902 Ac
1108 860 1241 916 postquam
1255 859 1301 896 eos
1318 841 1438 906 refellis,

539 955 584 1024 qui
601 953 760 1010 existimus,
773 965 830 1002 esse
841 945 943 1015 aliquod
959 943 987 994 in
1002 940 1125 992 universo
1142 951 1254 990 centrum
1264 973 1271 997 ,
1281 949 1334 1002 quo
1344 931 1437 1001 gravia

537 1047 655 1099 deorsum
670 1043 788 1101 tendant,
801 1039 867 1092 levia
885 1049 977 1104 sponte
995 1049 1042 1084 sua
1059 1046 1161 1084 sursum
1174 1028 1301 1088 ferantur,
1319 1024 1434 1090 ideoque

534 1135 718 1190 atttichrhouas
730 1145 800 1192 esse,
810 1147 839 1182 ν»
852 1111 1095 1192 105rssro82.libro
1107 1121 1188 1190 primo
1200 1117 1276 1171 finem
1285 1115 1405 1186 imprime·

417 1315 425 1322 ⁸
475 1260 704 1396 Auruncum
714 1321 881 1412 genetrix,
890 1319 1064 1384 hominum
1072 1317 1252 1398 divomque
1261 1315 1435 1396 voluptas,

472 1435 568 1498 Alma
580 1434 706 1508 Venus,
717 1424 801 1488 coeli
814 1427 926 1488 subter
938 1419 1083 1484 labentia
1097 1417 1191 1505 signa

473 1523 567 1620 Quae
582 1553 671 1595 mare
685 1517 893 1612 navigerum,
904 1543 990 1604 quae
1007 1515 1109 1584 terras'
1121 1515 1363 1606 frugiferenteis

475 1641 704 1726 Concelebras3
723 1655 783 1717 per
794 1642 824 1693 te
835 1627 991 1710 quoniam
1002 1646 1105 1710 genus
1118 1643 1217 1686 omne
1226 1622 1437 1688 animantum

476 1744 682 1826 concipitur,
693 1740 835 1819 visitque
848 1745 998 1798 exortum
1011 1728 1140 1794 lumina
1151 1729 1242 1793 solist

471 1853 520 1914 Tc
530 1897 538 1932 ‚
550 1849 635 1930 Dea,
648 1857 682 1908 te
692 1845 824 1930 fugiunt
840 1839 965 1922 veniel,
980 1849 1010 1900 te
1024 1836 1139 1900 nubila
1151 1835 1254 1917 coeli,

374 1993 379 2002 ·
472 1957 724 2033 Adventumque
736 1962 845 2012 tuum:
862 1945 922 2009 tibi
937 1925 1215 2008 suavcisdaedala
1227 1943 1323 2007 tellus
1343 1925 1350 1942 ⁸

473 2059 651 2124 Summittit
665 2059 777 2133 flores-3
793 2053 852 2114 'tibi
869 2051 976 2112 rident
989 2067 1134 2130 aequora
1147 2045 1255 2130 ponti,

473 2164 707 2239 Placatumque
721 2155 803 2220 nitet
816 2152 936 2220 diffuso
948 2153 1076 2216 lumine
1092 2154 1232 2214 coelum.

475 2269 576 2344 Nam,
586 2263 686 2326 simul
698 2281 737 2323 ac
752 2261 877 2343 species
887 2259 1048 2341 patefacta
1060 2267 1107 2321 est
1117 2275 1221 2320 verna
1232 2253 1298 2318 dici
1305 2281 1334 2338 ,·
1397 2276 1438 2318 ru

475 2371 515 2431 Et
527 2376 668 2430 reserata
678 2365 768 2450 viget
783 2364 969 2450 genitabilis
981 2385 1062 2428 aura
1077 2358 1214 2447 Favoni,

475 2474 592 2541 neriae
605 2470 752 2556 primum
764 2473 915 2533 volucres
927 2480 973 2550 te,
986 2469 1087 2548 Diva,
1098 2477 1260 2546 tuumque
1288 2537 1290 2540 ¹

474 2575 666 2666 Significant
678 2573 815 2654 initum,
827 2574 995 2654 perculsae
1010 2573 1110 2634 corda
1126 2578 1181 2634 lua
1194 2569 1240 2631 vi.
1280 2550 1283 2556 ¹

475 2687 557 2752 Inde
570 2684 673 2761 ferae,
685 2680 825 2762 pecudes
837 2681 1019 2761 persultant
1031 2679 1153 2762 pabula
1166 2680 1269 2760 laeta,

474 2792 515 2851 Et
529 2786 662 2870 rapidos
676 2793 806 2846 tranant
819 2781 959 2860 amneis3
977 2780 1038 2864 ita,
1053 2792 1147 2866 capta
1158 2783 1287 2866 lepore,

473 2889 708 2970 Illecehrisque
722 2886 785 2950 tuis
800 2885 908 2950 omnis
922 2897 1039 2950 natura
1053 2886 1259 2952 animantum

427 3081 429 3090 x
474 2998 522 3057 Tc
532 2995 680 3076 sequitur
689 2992 821 3078 cupide,
833 3013 899 3073 quo
910 3012 1075 3074 quamque
1088 2992 1246 3056 inducere
1261 2993 1383 3080 pergis.
1474 3057 1485 3070 N

474 3101 627 3183 Denique
636 3123 696 3196 per
706 3098 826 3181 maria,
838 3120 877 3162 ac
887 3100 1042 3180 montem,
1052 3099 1233 3180 fluviosque
1245 3101 1412 3185 rapacius,

474 3209 748 3290 Frundiferasque
760 3208 875 3269 domos
885 3206 1014 3286 avium,
1025 3224 1223 3288 camposque
1236 3205 1411 3290 virenteis,
1489 3264 1492 3272 .

476 3314 640 3376 Omnibus
653 3313 816 3375 incutiens
829 3313 990 3382 blandum
1003 3330 1064 3393 per
1076 3321 1211 3393 pectora
1224 3329 1391 3394 amorem,

475 3411 598 3492 Essicis,
608 3421 645 3473 ut
658 3412 777 3494 cupide
788 3409 970 3496 generatim
982 3411 1067 3480 secla
1079 3420 1273 3498 propagent.

515 3523 609 3604 Quae
622 3516 780 3598 quoniam
791 3538 903 3578 rerum
919 3526 1071 3579 naturam
1083 3519 1153 3580 sola
1166 3519 1347 3604 gubernas,

474 3624 541 3684 Nec
553 3619 664 3683 sinete
679 3620 860 3700 quidquam
871 3619 945 3688 ,dias
960 3619 997 3683 in
1012 3622 1147 3685 luminis
1160 3643 1236 3686 oras

474 3724 641 3810 Exoritur,
651 3747 758 3808 neque
770 3726 806 3788 fit
820 3728 944 3788 laetum
957 3710 1063 3810 neque
1075 3728 1219 3791 amabile
1230 3729 1435 3810 quidquam

475 3841 523 3902 Te
534 3834 657 3902 sociam
673 3837 788 3906 studeo
801 3835 984 3902 scribundis
1001 3835 1148 3904 versibus
1161 3855 1249 3920 esse,
