3056 5126
432 395 639 460 mauu
676 402 703 464 1.
743 349 887 484 munh
1086 418 1126 479 ι.

159 537 213 604 Nil
218 535 899 631 ,ulopinomhiexaequoreslunditus
912 553 1020 618 omnis

158 655 243 715 Tam
257 650 409 737 mortalis
426 650 489 714 erit
497 671 628 733 ,qnam
639 674 726 733 quae
735 656 908 724 manifesta
920 660 1071 762 videmus

153 757 205 822 Ex
216 757 324 822 oculis
333 756 455 822 nostris
463 753 642 838 ,aliqua
609 776 645 818 vr
661 757 766 842 victa,
784 762 903 844 perire.

153 866 198 928 At
211 885 323 947 neque
334 863 483 928 recidere
497 863 542 926 ad
557 862 703 928 nihilum
720 886 772 937 res
787 885 896 949 posse,
913 889 1021 950 neque

832 983 946 1037 sulem
986 1005 988 1014 ·

154 1075 311 1138 creseere
325 1075 367 1137 de
379 1072 505 1154 nihilo,
518 1081 619 1138 testor
634 1093 686 1138 res
700 1083 776 1138 ante
792 1077 956 1158 prohalas.

196 1181 386 1257 Praeterea,
397 1174 557 1257 quoniam
570 1158 772 1265 oibusauget
782 1180 1050 1266 corpusalilque,

71 1339 74 1346 ι
152 1283 350 1376 Seirelieel,
370 1282 466 1346 nobis
482 1302 601 1362 venas,
619 1292 651 1346 el
671 1298 881 1371 sanguen„el
893 1307 980 1373 ossa,

151 1390 197 1450 Ει
213 1406 346 1469 nervos,
360 1386 556 1474 alienigenis
571 1407 611 1450 err
629 1389 777 1470 partibus
795 1412 882 1456 esse:

152 1491 233 1554 Sive
246 1492 334 1556 eibos
342 1492 473 1558 omneis
490 1491 670 1571 commixto
690 1513 827 1578 corpore
843 1496 954 1561 dicent

149 1599 246 1680 Esse,
262 1609 295 1662 el
304 1602 428 1663 habere
440 1598 522 1698 ive
536 1617 717 1664 nervorum
730 1619 871 1684 oorpora
883 1621 1004 1688 parva,

148 1707 316 1788 Ossaque,
328 1716 361 1770 et
370 1705 508 1770 omnino
517 1725 633 1789 venas,
651 1705 840 1790 parteisque
854 1709 996 1788 cruoris,

143 1811 238 1895 Fiet,
249 1811 299 1876 usi
314 1811 407 1876 nibus
421 1797 531 1876 omnis
543 1821 576 1876 el
587 1811 716 1894 aridus,
734 1822 765 1875 el
773 1812 886 1894 liquor
895 1813 983 1896 ipse,

142 1919 196 1981 Ex
213 1919 409 2004 alienigenis
419 1921 516 1982 rebus
527 1929 678 1984 constare
689 1911 864 2002 putentur,

147 2026 308 2107 Ossibus,
324 2008 493 2107 elnensis,
503 2028 677 2110 uen'uque,
692 2036 724 2090 el
734 2029 916 2114 sanguine,
935 2030 1050 2096 mixla.

146 2131 339 2213 Praeterea,
351 2137 563 2212 quaeeunque
575 2153 594 2194 e
608 2142 695 2196 terra
708 2151 849 2217 corpora
860 2145 1027 2216 crescunt,
1049 2139 1107 2200 868

142 2232 181 2296 Si
196 2235 325 2300 suntin
343 2233 451 2316 terris,
472 2244 592 2300 ιοιιιιιιι
608 2240 758 2302 constare
772 2259 902 2306 necesse
915 2250 963 2306 est

140 2343 192 2404 Ex
202 2343 416 2430 alienigenis,
429 2361 514 2423 quae
527 2341 621 2405 terris
638 2342 840 2406 exoriuntur.
911 2373 916 2386 ·

138 2447 298 2512 Transfer
312 2447 409 2527 ilem,
429 2446 565 2510 tolidem
581 2445 689 2512 verbis
703 2457 796 2510 utare
812 2447 947 2514 licebil.

140 2552 182 2616 In
198 2551 591 2640 lignissillarumalalel,
603 2550 800 2670 fumusque,
820 2552 988 2636 cinisque,

139 2659 189 2721 Ex
200 2659 395 2756 alienigenis
411 2657 590 2722 consistant
602 2655 694 2742 ligna
708 2677 839 2724 necesse
856 2669 914 2724 est.

179 2761 358 2846 Linquitur
369 2758 425 2828 hic
438 2763 546 2828 lenuis
557 2762 709 2828 latitandi
720 2764 816 2848 eopia
830 2770 1014 2861 quaedam,

69 2901 73 2914 ·
140 2868 182 2930 ld
194 2870 285 2949 quod
292 2871 502 2954 Anaxagoras
500 2856 576 2931 sibi
587 2867 701 2945 sumil3
716 2877 752 2930 ut
765 2868 919 2934 omnibus
930 2870 1059 2936 omneis

141 2977 210 3040 Res
226 2984 319 3058 putet
333 2974 497 3040 immulas
505 2977 603 3040 rebus
614 2975 760 3056 latitare,
777 2975 836 3036 sed
847 2975 931 3038 illud

137 3085 311 3166 Apparere
329 3102 449 3163 unum,
462 3083 578 3164 quoius
590 3083 657 3147 sint
668 3081 778 3182 pluria
793 3078 912 3159 mixta,

135 3190 176 3250 Ει
188 3207 343 3274 magum
360 3197 507 3273 promtu,
518 3189 692 3274 prioraque
705 3186 742 3251 in
759 3187 880 3264 fronte,
897 3185 1015 3248 locata.

136 3297 237 3380 Quod
247 3306 357 3358 lamen
375 3314 397 3357 a
409 3315 488 3368 vera
500 3296 604 3380 longe
617 3293 744 3358 ratione
759 3292 929 3374 repulsum
947 3298 1006 3352 est.

138 3401 361 3466 Conveniebat
371 3401 460 3466 enim
467 3402 607 3487 ,fruges
617 3419 749 3481 quoque
758 3417 873 3480 saepe
891 3374 1029 3460 miani
1079 3408 1083 3412 ·
1188 3441 1203 3464 ,

139 3507 268 3570 Robore
280 3525 384 3587 quom
393 3527 464 3570 saxa
454 3507 698 3590 'franguntur,
718 3505 848 3567 mittere
859 3501 992 3594 signum

142 3608 324 3697 Sanguinis,
340 3618 398 3674 aut
414 3608 558 3693 ahquid,
576 3619 688 3674 nostro
711 3629 795 3689 quae
809 3625 946 3690 corpore

708 3735 714 3752 ·
728 3715 874 3778 aluntur:

141 3786 610 3911 [Quomrapideniinlapiden
617 3823 762 3908 terimus,
769 3825 1091 3933 manarecruorenr.]
