3134 5112
347 487 551 552 LIBER
589 487 658 554 VI.
696 507 729 549 v.
758 489 827 570 514.
1011 511 1068 576 229

107 639 175 699 Aut
192 634 417 699 dissolvuntur
426 631 506 698 solis
517 653 616 716 super
629 631 694 696 ieta
708 632 838 720 calore3

107 737 245 801 Mittunt
254 741 429 801 humorem
446 738 616 821 pluvium;
629 736 790 819 stillante,
804 734 898 818 quasi
908 735 980 824 igni

107 845 192 905 Cera
202 861 302 924 super
317 839 442 924 calido,
458 844 625 906 tabescens
637 843 757 924 multa,
771 835 944 922 liquescat

147 931 213 1008 Sed
225 946 403 1008 vehemens
417 944 524 1008 imber
538 941 593 1026 fit,
606 944 666 1007 uhi
682 947 893 1008 vehementer
904 953 1045 1026 utreque

107 1049 230 1112 Nubila
241 1050 452 1118 rieumulata
466 1043 678 1133 premuntur,
696 1049 973 1132 etimpeteveuti.

149 1159 191 1218 At
204 1155 346 1220 retinere
358 1156 414 1225 diu
433 1156 580 1240 pluviae,
592 1158 796 1242 longumque
806 1158 949 1240 morari,

109 1265 339 1344 Consuerunt,
349 1262 408 1326 ubi
426 1265 528 1326 multa
541 1265 679 1326 fluenter
692 1261 819 1326 semina
831 1283 1014 1347 aqsrarum,

106 1370 214 1450 Atque
228 1369 302 1432 aliis
315 1369 400 1432 aliae
411 1370 534 1450 nubes,
548 1369 721 1450 nimbique
733 1368 879 1454 rigantes

107 1477 262 1557 Insuper,
274 1485 372 1556 atque
385 1474 477 1537 omni
487 1477 586 1562 volgo
599 1479 640 1538 de
655 1481 766 1557 parte,
779 1475 946 1552 feruntur3
1012 1498 1016 1516 ‘

107 1579 277 1659 Terraque
296 1599 398 1659 quom
416 1580 547 1644 fumans
558 1584 731 1644 humorem
749 1590 815 1646 tota
827 1583 1002 1646 redhalat..

147 1675 360 1764 Hic,ubisol
376 1683 493 1765 radiis,
511 1695 735 1767 tempestatem
753 1685 842 1748 inter
851 1683 1012 1769 opacam,

107 1789 256 1851 Adversa
267 1787 358 1851 fulsit
374 1787 565 1852 nimborum
581 1789 754 1875 aspergine
765 1796 896 1866 ‘eontra3

106 1897 194 1958 Tum
208 1897 301 1958 color
315 1895 351 1957 in
363 1895 466 1982 nigris
484 1893 608 1960 exsistit
620 1896 763 1958 nubibus
776 1895 884 1976 arqui.

148 2002 278 2080 Cetera,
294 2019 381 2080 quae
394 2020 524 2063 sursum
543 2008 708 2083 creseunt,
718 2019 913 2079 sursumque
933 2016 1047 2062 crean-

251 2119 254 2122 '
791 2118 878 2188 tur,

106 2219 163 2298 Et,
174 2235 259 2298 quae
268 2222 483 2280 concrescunt
495 2213 531 2278 in
543 2211 687 2278 nubibus
697 2212 827 2294 omnia,
841 2231 994 2295 prorsum
1008 2211 1066 2274 528

107 2320 248 2403 Omnia,
261 2319 335 2401 nix,
346 2320 452 2407 venti,
465 2321 608 2404 grando,
622 2317 816 2406 gelidaeque
828 2317 987 2401 pruinae,

106 2424 145 2485 Et
153 2420 205 2486 vis
220 2440 341 2508 magna
355 2421 438 2506 geli,
451 2439 612 2508 magnum
624 2421 786 2484 duramen
802 2439 985 2502 aquarum,

52 2535 54 2540 '
105 2533 146 2593 Et
158 2549 268 2612 mora,
286 2547 370 2610 quae
383 2526 500 2592 fluvios
510 2531 630 2612 passim
646 2529 829 2610 refraenat,
842 2527 987 2590 aventeis

105 2633 265 2698 Perfacile
274 2644 324 2698 est
335 2643 444 2698 tamen
459 2636 543 2708 haee
552 2634 714 2720 reperire,
725 2633 903 2714 animoque
918 2631 1046 2715 videre,

107 2735 230 2800 Omnia
240 2756 307 2818 quo
320 2748 417 2820 paeto
430 2736 530 2818 liant,
545 2759 611 2818 qua
624 2759 701 2806 reve
717 2749 884 2818 creentur,

107 2841 216 2924 Quom
233 2842 319 2904 bene
335 2839 502 2924 cognoris,
521 2841 692 2902 elementis
704 2839 832 2901 reddita
847 2859 933 2918 quae
948 2840 1024 2904 sint.

145 2949 242 3010 Nune
250 2963 326 3032 age,
338 2943 524 3026 quaesatio
540 2947 639 3005 terrai
651 2942 794 3004 motibus
806 2949 921 3019 exstet,

107 3048 259 3132 Percipe:
276 3060 310 3112 et
325 3049 360 3110 in
371 3045 486 3130 primis
502 3056 624 3108 terram
636 3045 708 3106 face
724 3053 762 3105 ut
775 3057 844 3108 esse
855 3040 958 3104 rearis

107 3151 228 3214 Subter
242 3150 339 3233 item,
352 3163 390 3215 ut
405 3171 539 3234 supera,
552 3149 696 3214 ventosis
712 3147 859 3228 undique
869 3147 1005 3229 plenam

105 3256 293 3340 Speluncis3
309 3258 497 3337 multosque
513 3257 622 3337 lacus,
637 3253 823 3336 multasque
836 3255 989 3336 lacunas,

105 3363 145 3422 In
159 3360 287 3447 gremio
300 3383 430 3448 gerere,
449 3373 479 3426 et
494 3361 621 3444 rupeis,
639 3361 837 3444 diruptaque
850 3379 945 3426 saxa:

107 3468 278 3547 Multaque
289 3469 352 3530 sub
366 3477 458 3553 tergo
470 3470 569 3530 terrai
584 3465 721 3528 flumina
731 3476 816 3529 tecta

106 3569 250 3635 Volvere
263 3567 298 3631 vi
308 3571 440 3651 fluctus,
453 3571 688 3648 submersaque
697 3587 775 3632 saxa
782 3570 968 3650 putandum
978 3576 1052 3636 ests·
1172 3623 1177 3636 .

105 3673 262 3756 Undique
271 3674 362 3738 enim
372 3673 514 3739 similem
525 3695 593 3738 esse
605 3674 675 3757 sui,
690 3695 742 3739 res
752 3678 896 3759 postulat
906 3677 987 3762 ipsa.

133 3779 208 3870 ,His
225 3781 325 3870 igitur
336 3786 434 3848 rebus
448 3781 626 3846 subiunctis
640 3781 901 3865 suppositisque,
987 3825 992 3842 2

106 3881 211 3948 Terra
225 3903 368 3978 superne
379 3887 501 3970 tremit,
516 3882 650 3972 magnis
661 3903 818 3950 concussa
830 3883 935 3950 ruinis
