3134 5112
296 435 300 438 ,
377 369 869 481 u,113uuv1.v21145.
1041 421 1098 487 249
1160 363 1165 373 ¹

133 539 176 602 Et
185 518 347 623 duplioeis
355 521 693 610 oculossuffusaluce
709 545 887 609 rubenteis.

133 650 305 711 Sudabant
314 647 412 712 etiam
423 651 551 732 fauces,
563 651 760 724 intrinsecus
773 661 880 733 atrae,

59 791 60 794 =
133 752 320 838 Sanguine,
332 767 364 818 et
373 755 540 830 ulceribus
549 755 639 820 vocis
651 757 708 846 via
722 769 835 841 saepta
845 757 970 837 coibat,

131 861 258 944 Atque,
270 864 373 956 aniuri
385 865 562 950 interpres,
577 872 734 934 manabat
743 870 859 958 lingua
871 891 1006 954 cruore,
1071 861 1074 868 ’

131 963 313 1028 Debilitata
324 969 436 1050 malis,
448 981 539 1032 motu
554 973 682 1058 gravis,
693 994 811 1056 aspera
825 983 923 1038 tactu.

172 1067 271 1150 Inde,
281 1069 341 1138 ubi
351 1091 411 1152 per
425 1071 547 1136 fauceis
560 1085 674 1158 pectus
690 1079 889 1164 compleret,
902 1083 934 1140 et
944 1076 1055 1160 ipsum

130 1173 287 1236 Morbida
296 1175 347 1240 vis
357 1176 393 1240 in
406 1197 467 1242 cor
474 1167 634 1248 maestum
647 1185 850 1246 confluxerat
863 1183 986 1269 aegris;
1067 1185 1069 1189 ’

123 1269 256 1346 'omnia
270 1288 341 1342 tum
351 1301 431 1346 vero
441 1285 522 1349 vitai
532 1289 672 1354 claustra
684 1292 852 1355 lababant.

170 1380 312 1462 Spiritus
322 1405 380 1448 ore
395 1387 482 1452 foras
498 1401 637 1454 taetrum
647 1393 801 1457 volvebat
813 1394 971 1478 odorem,
1038 1447 1040 1452 -
1143 1455 1147 1466 .

128 1483 281 1548 Baucida
295 1509 362 1568 quo
376 1494 529 1573 perolent
538 1496 692 1578 proiecta.
700 1498 860 1560 cadavera
874 1495 951 1560 ritu.

127 1589 238 1667 Atque
246 1591 352 1678 animi
363 1615 516 1677 prorsum
526 1598 613 1662 vires
627 1602 743 1683 totius,
755 1585 791 1666 et¹
803 1621 904 1665 omne

127 1693 323 1782 Languebat
333 1721 468 1784 corpus,
486 1704 544 1767 leti
554 1705 619 1768 iarn
631 1707 746 1772 limine
756 1710 793 1772 iu
803 1711 892 1792 ipso:

127 1796 462 1884 intolerabilibusque
473 1809 569 1871 malis
581 1820 651 1873 erat
661 1813 779 1876 anxius
791 1833 901 1900 angor

126 1903 265 1968 Assidue
278 1895 404 1993 comes,
413 1923 445 1974 et
454 1913 579 1998 gemitu
595 1918 773 1982 commixta
784 1922 933 1999 querela:

126 2005 530 2096 Singultusquefrequens
540 2019 672 2086 noctem
679 2044 861 2108 persaepe,
880 2027 1052 2116 diemque,
1117 2014 1120 2021 Ι

127 2113 312 2196 Corripere
326 2121 454 2192 assidue
469 2146 589 2191 nervos
602 2139 634 2192 et
648 2118 798 2196 membra
807 2142 980 2218 coactans,
1012 2139 1092 2199 1160

124 2214 334 2284 Dissolvebat
344 2243 418 2306 eos,
431 2227 572 2292 defessos
587 2241 663 2294 ante
677 2231 829 2318 fatigans.

168 2326 235 2389 Nec
248 2328 354 2392 nimio
370 2332 551 2415 quoiquam
563 2357 673 2420 posses
687 2343 805 2406 ardore
819 2345 905 2408 tueri
970 2388 972 2392 ,
1060 2377 1061 2381 ¹

126 2429 284 2510 Corporis
293 2431 329 2496 in
343 2455 474 2501 summo
489 2461 653 2504 summam
668 2444 849 2510 fervescere
860 2455 1008 2531 partern3

124 2531 189 2602 Sed
200 2532 310 2613 potius
326 2537 474 2618 tepidum
488 2544 642 2608 manibus
653 2566 840 2630 proponere
856 2561 996 2634 tactum,
1081 2589 1083 2594 ,

123 2640 165 2702 Et
175 2638 288 2724 simul,
301 2646 466 2733 ulceribus
477 2651 571 2731 quasi
582 2649 716 2738 inustis,
728 2675 828 2720 omne
837 2662 957 2724 rubere
1024 2675 1029 2688 ·

63 2793 65 2797 .
110 2812 113 2818 ,
125 2747 270 2832 Corpus,
286 2757 323 2810 ut
333 2763 391 2832 est,
403 2775 463 2833 per
475 2760 626 2820 membra
638 2779 730 2822 sacer
740 2782 842 2841 quom
854 2763 979 2826 diditur
991 2759 1089 2850 ignis.

122 2853 245 2916 Intima
256 2877 333 2937 pars
345 2858 518 2924 hominum
530 2882 610 2922 vero
620 2863 780 2948 flagrabat
792 2871 836 2936 ad
849 2887 935 2952 ossa,
954 2872 956 2876 ’

122 2960 300 3045 Plagrabat
313 2964 482 3025 stomacho
495 2966 643 3058 flamma,
654 2978 691 3028 ut
701 2968 906 3052 fornacibus,
918 2971 1024 3035 intus:

122 3063 178 3126 Nil
189 3059 280 3128 adeo
289 3085 400 3147 posses
413 3067 593 3146 quoiquam
604 3070 677 3145 leve
689 3081 855 3150 tenueque
868 3073 1027 3144 memhris

123 3173 264 3236 Vortere
275 3172 310 3235 in
324 3174 517 3252 utilitatem
533 3161 579 3240 ad'
589 3188 725 3246 ventum
740 3190 771 3241 et
780 3179 905 3266 frigora
916 3199 1065 3264 semper,

17 3252 21 3265 '
121 3280 165 3352 In
178 3279 295 3346 fluvios
307 3280 430 3363 partim
444 3283 586 3366 gelidos,
602 3283 754 3348 ardentia
764 3287 883 3347 morbo

122 3389 275 3449 Membra
292 3388 430 3468 dabant,
445 3390 573 3464 nudum
587 3389 744 3454 iacientes
753 3412 872 3476 corpus
886 3394 923 3460 in
938 3397 1053 3464 undas.
1078 3421 1079 3426 ¹

122 3493 223 3558 Multi
233 3493 429 3578 praecipites
443 3479 802 3580 nymphisputealibus
815 3501 881 3564 alte
907 3557 916 3584 s

121 3603 414 3687 Inciderunt,ipso
424 3606 591 3672 venientes
602 3627 659 3672 ore
673 3620 822 3693 patente:
859 3655 862 3660 v

121 3709 354 3796 Insedabiliter
365 3712 435 3776 sitis
450 3714 561 3796 arida,
580 3735 718 3798 corpora
734 3739 902 3804 mersans,

122 3819 294 3899 Aequahat
308 3823 452 3888 multum
465 3821 577 3907 parvis
592 3823 789 3940 humoribus
798 3824 952 3901 imbrem,
979 3866 981 3870 ·
