3034 5116
476 367 516 432 86
688 363 756 432 DE
780 361 968 426 RERUM
996 355 1213 425 NATURA
1240 369 1243 381 ¹·
1273 379 1396 424 vasto.
1515 422 1517 457 ὲ

477 517 587 598 Quom
602 509 701 576 miser
716 529 757 576 ex
772 509 885 574 animo
903 502 1044 600 laetatur
1057 525 1198 594 corpore
1210 515 1296 572 totos

476 619 550 682 Non
560 613 627 678 alio
635 622 751 704 paeto,
765 608 922 694 quamsi,
936 631 993 693 pes
1006 629 1109 696 quom
1124 610 1215 674 dolet
1227 609 1339 698 aegri,

475 723 517 786 In
534 721 627 784 nullo
640 727 739 804 eaput
754 718 880 782 interea
898 716 939 789 sit
951 717 1036 782 forte
1057 717 1189 790 doloro·
1250 775 1259 786 ,

371 859 385 885 ι
476 829 647 894 Praeterea
663 823 758 887 molli
779 842 882 904 quom
896 835 1014 886 somno
1032 820 1144 886 dedita
1161 821 1329 904 membra,

477 929 692 1012 Effusumque
708 929 792 1020 iacet
804 927 875 992 sine
883 947 981 992 sensu
998 945 1118 1011 eorpus
1131 935 1309 1002 onustum

452 1111 455 1118 ,
477 1037 534 1102 Est
548 1034 641 1100 aliud
657 1041 768 1097 tamen
782 1031 822 1104 in
831 1031 943 1112 nobis,
961 1031 1053 1112 quod
1064 1037 1212 1114 tempore
1224 1026 1261 1090 in
1276 1027 1339 1092 illo

354 1158 357 1164 '
474 1135 683 1210 'Multimodis
697 1138 856 1228 agitatur,
875 1149 907 1201 et
924 1135 1051 1202 omneis
1065 1135 1186 1220 accipit
1198 1134 1235 1200 in
1251 1155 1304 1204 se,

354 1266 360 1283 ¹
477 1246 636 1313 Laetitiae
651 1255 780 1336 motusp
791 1266 831 1310 ac
846 1266 939 1312 ouras
953 1244 1061 1308 cordis
1073 1244 1213 1311 inaneis.
1241 1327 1245 1333 .

479 1353 731 1422 Nunoenimam
741 1373 872 1451 quoque
882 1364 920 1419 ut
928 1351 965 1420 in
975 1351 1133 1420 memhris
1146 1373 1346 1442 cognoscere

1052 1479 1111 1528 sats

480 1567 575 1649 Esse,
590 1585 698 1648 neque
710 1564 918 1636 harmoniam
931 1477 1052 1652 corpffl
1067 1563 1209 1632 retinere
1220 1565 1344 1642 solere;

480 1673 665 1758 Principio,
677 1672 732 1758 fit,
749 1673 815 1758 uti,
831 1675 976 1738 detracto
994 1672 1270 1756 carperemus,

481 1781 585 1864 Saepe
595 1790 705 1846 tamen
717 1779 814 1850 nobis
831 1779 867 1844 in
884 1779 1040 1844 membris
1057 1775 1125 1842 vita
1141 1787 1307 1856 moretur;

481 1887 588 1968 Atque
601 1889 715 1950 eadem
733 1905 881 1969 rursum,
895 1891 998 1966 quom
1012 1903 1151 1966 corpora
1160 1902 1268 1967 pauca
1280 1880 1401 1960 caloris
1506 1874 1513 1941 .·’

482 1985 669 2077 Diffugere,
679 1991 831 2074 forasque
845 2012 906 2074 per
918 2008 955 2054 os
970 1999 1019 2054 est
1037 1988 1144 2079 editus
1157 1993 1234 2074 aer,
1400 2047 1403 2053 ,

480 2097 609 2160 Deserit
619 2097 783 2180 extemplo
795 2116 913 2178 venas,
928 2105 1026 2178 atque
1041 2116 1113 2160 ossa
1128 2094 1304 2178 reiiaquit;
1383 2111 1436 2173 aas

480 2205 621 2269 Nosoere
632 2213 669 2266 ut
677 2203 757 2270 hinc
765 2203 886 2288 possis,
902 2225 969 2267 non
981 2223 1100 2290 aequas
1114 2202 1228 2270 omnia
1241 2202 1366 2288 parteis

481 2310 629 2392 Corpora
645 2311 782 2392 habere,
798 2327 904 2391 neque
919 2331 959 2374 ex
969 2329 1075 2392 aequo
1085 2308 1203 2376 fulcire
1211 2309 1368 2374 salutem

394 2411 395 2418 '
412 2423 415 2432 ’
479 2415 545 2478 Sed
555 2415 661 2498 magis
669 2415 767 2495 haee,
782 2407 975 2496 venti'quae
990 2425 1066 2479 sunt
1079 2415 1243 2498 calidique
1254 2411 1388 2501 vaporis

481 2516 632 2598 Semina,
648 2537 764 2582 curare
779 2516 817 2582 in
835 2517 993 2582 membris
1009 2528 1045 2580 ut
1060 2518 1129 2584 vita
1148 2525 1306 2584 moretum
1346 2563 1348 2572 .
1403 2561 1405 2568 1

479 2621 537 2684 Est
549 2611 651 2706 igitur
666 2623 756 2686 calor
771 2637 810 2685 ae
827 2631 944 2686 ventus
953 2620 1064 2700 vitalis
1080 2621 1117 2686 in
1129 2621 1204 2706 ipso
1294 2667 1296 2674 -

481 2730 647 2812 Corpore,
667 2726 725 2812 qui
738 2729 834 2794 nobis
847 2727 1063 2792 moribundos
1073 2728 1192 2794 deserit
1205 2735 1307 2795 artus.

520 2835 748 2920 Quapropter,
762 2834 922 2916 qnoniam
933 2843 980 2897 est
989 2832 1093 2898 animi
1103 2845 1221 2900 natura
1235 2842 1385 2920 reperta,

479 2940 586 3022 Atque
595 2929 844 3024 animae‚quasi
854 2960 931 3024 pars
941 2939 1100 3018 hominis3
1121 2943 1222 3006 redde
1232 2939 1419 3009 harmoniai
1467 3025 1469 3033 Α

478 3045 626 3128 Nomen,
639 3049 682 3108 ad
695 3033 869 3134 organicos
888 3048 971 3111 saltu
992 3047 1138 3110 delatum
1154 3046 1346 3126 Heliconi„

435 3159 440 3178 ‘
478 3147 555 3212 Sive
573 3147 709 3214 aliunde
722 3148 785 3234 ipsi
798 3167 899 3236 porro
915 3161 1059 3232 traxere,
1076 3151 1156 3214 etin
1169 3151 1263 3216 iilam

478 3257 745 3338 Transtulerunt,
757 3255 894 3340 proprio
907 3276 991 3338 quae
1008 3266 1079 3322 tum
1090 3276 1141 3320 res
1154 3255 1291 3318 nornine
1301 3256 1435 3342 egebat3

478 3360 649 3447 Quidquid
668 3363 782 3446 idest,
797 3363 960 3441 habeant3
972 3373 1006 3426 tu
1017 3375 1123 3430 cetera
1137 3363 1270 3448 percipe
1287 3365 1387 3428 diota.

519 3465 613 3527 Nune
624 3466 773 3530 animum
784 3473 882 3548 atque
894 3466 1041 3530 enimam
1057 3468 1133 3533 dieo
1144 3471 1321 3537 ooniunota
1334 3465 1435 3536 teneri

476 3551 632 3651 Interea,
645 3579 742 3652 atque
754 3586 857 3636 unam
868 3581 1020 3636 naturam
1031 3572 1192 3641 conficere
1202 3596 1299 3654 exse3
1339 3643 1343 3656 ,

376 3721 380 3726 «
477 3675 541 3740 Sed
559 3685 656 3758 caput
666 3697 735 3740 esse
746 3675 856 3766 quasi,
870 3687 904 3742 et
916 3678 1081 3752 dominari
1093 3680 1130 3746 in
1143 3701 1282 3767 corpore
1295 3691 1386 3764 toto,

478 3776 675 3862 Consilium,
688 3781 781 3862 quod
792 3799 853 3848 nos
864 3781 1029 3870 eumuna,
1041 3795 1252 3874 mentemque
1262 3801 1434 3854 vocamusa
